<DATE>;<TIME>;<LAST>;<VOL>;<ID>;<OPER>
20240125;095943;6810.500000000;1;9463801182;S
20240125;095943;6810.500000000;1;9463801183;S
20240125;095943;6810.500000000;1;9463801184;S
20240125;095943;6810.500000000;1;9463801185;B
20240125;095943;6810.500000000;1;9463801186;B
20240125;095943;6810.500000000;5;9463801187;B
20240125;095943;6810.500000000;1;9463801188;S
20240125;095943;6810.500000000;1;9463801189;S
20240125;095943;6810.500000000;1;9463801190;S
20240125;095943;6810.500000000;3;9463801191;S
20240125;095943;6810.500000000;7;9463801192;S
20240125;095943;6810.500000000;3;9463801193;B
20240125;095943;6810.500000000;1;9463801194;B
20240125;095943;6810.500000000;5;9463801195;B
20240125;095943;6810.500000000;1;9463801196;B
20240125;095943;6810.500000000;20;9463801197;B
20240125;095943;6810.500000000;5;9463801198;B
20240125;095943;6810.500000000;5;9463801199;B
20240125;095943;6810.500000000;4;9463801200;B
20240125;095943;6810.500000000;1;9463801201;B
20240125;095943;6810.500000000;1;9463801202;S
20240125;095943;6810.500000000;1;9463801203;B
20240125;095943;6810.500000000;5;9463801204;B
20240125;095943;6810.500000000;1;9463801205;B
20240125;095943;6810.500000000;1;9463801206;B
20240125;095943;6810.500000000;1;9463801207;B
20240125;095943;6810.500000000;4;9463801208;B
20240125;095943;6810.500000000;1;9463801209;B
20240125;095943;6810.500000000;2;9463801210;B
20240125;095943;6810.500000000;6;9463801211;B
20240125;095943;6810.500000000;10;9463801212;B
20240125;095943;6810.500000000;1;9463801213;B
20240125;095943;6810.500000000;10;9463801214;B
20240125;095943;6810.500000000;1;9463801215;B
20240125;095943;6810.500000000;1;9463801216;B
20240125;095943;6810.500000000;38;9463801217;B
20240125;095943;6810.500000000;1;9463801218;B
20240125;095943;6810.500000000;9;9463801219;B
20240125;095943;6810.500000000;15;9463801220;B
20240125;095943;6810.500000000;5;9463801221;B
20240125;095943;6810.500000000;21;9463801222;B
20240125;095943;6810.500000000;5;9463801223;B
20240125;095943;6810.500000000;8;9463801224;B
20240125;095943;6810.500000000;1;9463801225;B
20240125;095943;6810.500000000;4;9463801226;B
20240125;095943;6810.500000000;5;9463801227;B
20240125;095943;6810.500000000;1;9463801228;B
20240125;095943;6810.500000000;1;9463801229;B
20240125;095943;6810.500000000;7;9463801230;B
20240125;095943;6810.500000000;35;9463801231;B
20240125;095943;6810.500000000;2;9463801232;B
20240125;095943;6810.500000000;1;9463801233;S
20240125;095943;6810.500000000;1;9463801234;S
20240125;095943;6810.500000000;7;9463801235;S
20240125;095943;6810.500000000;38;9463801236;B
20240125;095943;6810.500000000;50;9463801237;B
20240125;095943;6810.500000000;3;9463801238;B
20240125;095943;6810.500000000;13;9463801239;B
20240125;095943;6810.500000000;1;9463801240;B
20240125;095943;6810.500000000;6;9463801241;B
20240125;095943;6810.500000000;3;9463801242;B
20240125;095943;6810.500000000;4;9463801243;B
20240125;095943;6810.500000000;3;9463801244;B
20240125;095943;6810.500000000;1;9463801245;S
20240125;095943;6810.500000000;1;9463801246;S
20240125;095943;6810.500000000;1;9463801247;S
20240125;095943;6810.500000000;1;9463801248;S
20240125;095943;6810.500000000;1;9463801249;S
20240125;100000;6810.500000000;10;9463805121;B
20240125;100000;6810.500000000;11;9463805122;B
20240125;100000;6810.500000000;9;9463805148;S
20240125;100000;6810.500000000;2;9463805508;B
20240125;100000;6809.000000000;10;9463805725;S
20240125;100000;6808.500000000;40;9463805726;S
20240125;100001;6810.500000000;1;9463805840;B
20240125;100001;6810.500000000;1;9463805841;B
20240125;100001;6811.000000000;5;9463805872;B
20240125;100001;6811.000000000;1;9463805873;B
20240125;100001;6811.000000000;2;9463805874;B
20240125;100001;6811.000000000;10;9463805875;B
20240125;100001;6811.500000000;11;9463805876;B
20240125;100001;6812.500000000;10;9463805924;B
20240125;100001;6813.000000000;1;9463805925;B
20240125;100001;6813.000000000;12;9463805926;B
20240125;100001;6813.000000000;8;9463805956;B
20240125;100001;6813.000000000;13;9463805957;B
20240125;100001;6813.000000000;37;9463805978;B
20240125;100001;6813.500000000;5;9463805981;B
20240125;100001;6813.500000000;5;9463805982;B
20240125;100001;6813.500000000;24;9463805983;B
20240125;100001;6814.500000000;10;9463805985;B
20240125;100001;6815.000000000;1;9463806153;B
20240125;100001;6815.000000000;1;9463806154;B
20240125;100001;6815.000000000;20;9463806155;B
20240125;100001;6815.500000000;9;9463806157;B
20240125;100001;6815.500000000;5;9463806158;B
20240125;100001;6815.500000000;1;9463806728;B
20240125;100002;6815.000000000;11;9463806771;S
20240125;100002;6815.000000000;2;9463807102;S
20240125;100004;6815.000000000;6;9463808200;S
20240125;100005;6815.500000000;1;9463808764;B
20240125;100005;6815.000000000;3;9463809161;S
20240125;100005;6815.000000000;1;9463809519;S
20240125;100005;6815.500000000;2;9463809530;B
20240125;100005;6815.000000000;60;9463809535;S
20240125;100005;6815.000000000;163;9463809536;S
20240125;100005;6814.500000000;12;9463809537;S
20240125;100005;6814.500000000;28;9463809538;S
20240125;100005;6814.500000000;2;9463809539;S
20240125;100005;6814.500000000;8;9463809740;S
20240125;100005;6814.500000000;2;9463809741;S
20240125;100005;6812.000000000;7;9463809742;S
20240125;100005;6815.000000000;1;9463809743;B
20240125;100005;6814.000000000;2;9463809993;B
20240125;100006;6814.000000000;13;9463810503;B
20240125;100006;6813.500000000;2;9463810596;B
20240125;100006;6813.500000000;1;9463810597;B
20240125;100007;6812.000000000;1;9463811346;S
20240125;100007;6812.000000000;9;9463811488;S
20240125;100007;6811.500000000;1;9463811489;S
20240125;100007;6814.500000000;1;9463811627;B
20240125;100007;6814.500000000;10;9463811632;B
20240125;100007;6814.500000000;1;9463811815;B
20240125;100009;6814.500000000;3;9463812601;B
20240125;100009;6814.500000000;3;9463812626;B
20240125;100010;6812.000000000;1;9463812762;S
20240125;100010;6814.500000000;1;9463812773;B
20240125;100010;6812.000000000;9;9463812843;S
20240125;100010;6811.500000000;21;9463812844;S
20240125;100010;6814.500000000;2;9463812972;B
20240125;100010;6813.500000000;6;9463813075;B
20240125;100010;6813.500000000;3;9463813087;B
20240125;100010;6813.500000000;1;9463813102;B
20240125;100010;6813.500000000;5;9463813103;B
20240125;100010;6813.500000000;4;9463813112;B
20240125;100010;6813.500000000;6;9463813122;B
20240125;100010;6813.500000000;3;9463813124;B
20240125;100010;6811.000000000;1;9463813245;S
20240125;100011;6814.500000000;7;9463813421;B
20240125;100011;6814.500000000;4;9463813447;B
20240125;100011;6814.500000000;3;9463813448;B
20240125;100011;6815.000000000;1;9463813564;B
20240125;100011;6815.000000000;10;9463813747;B
20240125;100011;6815.000000000;10;9463813748;B
20240125;100011;6815.000000000;1;9463813750;B
20240125;100012;6815.000000000;10;9463813963;B
20240125;100012;6815.000000000;3;9463813964;B
20240125;100014;6813.000000000;10;9463814771;S
20240125;100014;6813.000000000;11;9463814772;S
20240125;100014;6812.500000000;1;9463814773;S
20240125;100016;6812.000000000;11;9463815412;S
20240125;100016;6811.500000000;53;9463815413;S
20240125;100016;6811.500000000;11;9463815414;S
20240125;100016;6811.500000000;10;9463815415;S
20240125;100016;6811.000000000;11;9463815416;S
20240125;100016;6810.500000000;10;9463815417;S
20240125;100016;6810.500000000;14;9463815418;S
20240125;100018;6813.500000000;10;9463816062;B
20240125;100018;6813.500000000;15;9463816063;B
20240125;100019;6813.500000000;3;9463816327;B
20240125;100023;6813.500000000;1;9463817504;B
20240125;100023;6813.500000000;1;9463817505;B
20240125;100023;6813.500000000;1;9463817600;B
20240125;100024;6810.500000000;10;9463817758;S
20240125;100024;6810.000000000;5;9463817759;S
20240125;100025;6810.500000000;1;9463817927;S
20240125;100027;6813.000000000;3;9463818299;B
20240125;100036;6812.000000000;10;9463819892;B
20240125;100036;6811.500000000;1;9463819993;S
20240125;100036;6811.000000000;2;9463819994;S
20240125;100036;6811.000000000;1;9463820021;S
20240125;100038;6812.500000000;5;9463820351;B
20240125;100039;6812.500000000;2;9463820555;B
20240125;100039;6811.000000000;1;9463820559;S
20240125;100041;6811.000000000;1;9463821111;S
20240125;100042;6810.500000000;1;9463821473;S
20240125;100046;6812.000000000;3;9463822360;S
20240125;100046;6809.500000000;2;9463822361;S
20240125;100046;6809.500000000;11;9463822362;S
20240125;100046;6809.000000000;11;9463822363;S
20240125;100046;6808.500000000;11;9463822364;S
20240125;100046;6808.500000000;10;9463822365;S
20240125;100046;6808.000000000;45;9463822366;S
20240125;100046;6807.000000000;36;9463822367;S
20240125;100046;6806.500000000;15;9463822368;S
20240125;100046;6806.000000000;45;9463822369;S
20240125;100046;6805.500000000;11;9463822370;S
20240125;100046;6809.500000000;6;9463822421;B
20240125;100049;6809.500000000;1;9463823043;B
20240125;100050;6806.500000000;10;9463823240;S
20240125;100050;6806.000000000;18;9463823241;S
20240125;100052;6806.500000000;10;9463823583;S
20240125;100052;6806.000000000;187;9463823584;S
20240125;100052;6805.000000000;3;9463823585;S
20240125;100053;6806.000000000;10;9463823728;S
20240125;100053;6805.500000000;25;9463823729;S
20240125;100054;6806.000000000;1;9463824078;S
20240125;100056;6808.500000000;1;9463824422;B
20240125;100059;6805.000000000;4;9463824864;S
20240125;100103;6804.500000000;1;9463825957;B
20240125;100106;6804.500000000;10;9463826538;B
20240125;100106;6804.500000000;10;9463826539;B
20240125;100114;6802.500000000;1;9463827974;B
20240125;100114;6802.000000000;11;9463828104;B
20240125;100115;6804.000000000;11;9463828220;B
20240125;100115;6804.000000000;3;9463828221;B
20240125;100116;6803.000000000;1;9463828463;B
20240125;100119;6801.000000000;10;9463829414;S
20240125;100119;6800.500000000;5;9463829415;S
20240125;100126;6800.500000000;2;9463835188;S
20240125;100127;6800.500000000;2;9463835444;S
20240125;100127;6800.500000000;15;9463836273;S
20240125;100127;6800.000000000;5;9463836274;S
20240125;100127;6800.000000000;1;9463836275;S
20240125;100127;6800.000000000;3;9463836276;S
20240125;100127;6800.000000000;10;9463836279;B
20240125;100127;6800.000000000;10;9463836281;B
20240125;100127;6800.000000000;1;9463836324;B
20240125;100128;6800.000000000;1;9463836341;B
20240125;100130;6799.500000000;1;9463837532;S
20240125;100130;6798.000000000;3;9463837533;S
20240125;100130;6798.000000000;5;9463837534;S
20240125;100130;6797.000000000;10;9463837535;S
20240125;100130;6795.500000000;1;9463837536;S
20240125;100130;6795.500000000;3;9463837537;S
20240125;100130;6795.000000000;1;9463837538;S
20240125;100130;6795.000000000;3;9463837539;S
20240125;100130;6795.000000000;1;9463837540;S
20240125;100130;6795.000000000;1;9463837541;S
20240125;100130;6795.000000000;53;9463837542;S
20240125;100130;6795.000000000;10;9463837543;S
20240125;100130;6795.000000000;1;9463837544;S
20240125;100130;6795.000000000;2;9463837545;S
20240125;100130;6795.000000000;5;9463837546;S
20240125;100130;6794.500000000;2;9463837547;S
20240125;100130;6794.500000000;3;9463837548;S
20240125;100130;6794.500000000;1;9463837549;S
20240125;100130;6794.500000000;1;9463837550;S
20240125;100130;6794.500000000;3;9463837551;S
20240125;100130;6794.500000000;20;9463837552;S
20240125;100130;6794.500000000;28;9463837553;S
20240125;100130;6795.500000000;5;9463837556;S
20240125;100130;6797.500000000;1;9463837695;B
20240125;100136;6798.000000000;50;9463838938;S
20240125;100138;6799.000000000;5;9463839357;B
20240125;100140;6799.000000000;1;9463839710;B
20240125;100144;6798.500000000;45;9463840527;B
20240125;100144;6798.500000000;36;9463840528;B
20240125;100145;6799.000000000;3;9463840848;S
20240125;100149;6798.000000000;143;9463841661;S
20240125;100149;6798.000000000;10;9463841662;S
20240125;100153;6795.500000000;10;9463842583;S
20240125;100153;6795.500000000;2;9463842584;S
20240125;100157;6797.500000000;4;9463843970;B
20240125;100157;6798.000000000;7;9463844136;B
20240125;100157;6798.000000000;4;9463844152;B
20240125;100157;6798.000000000;3;9463844153;B
20240125;100159;6797.500000000;10;9463844536;B
20240125;100159;6797.500000000;36;9463844537;B
20240125;100202;6798.000000000;10;9463845485;B
20240125;100202;6798.000000000;10;9463845497;B
20240125;100202;6798.000000000;10;9463845598;B
20240125;100202;6798.500000000;7;9463845599;B
20240125;100203;6798.500000000;13;9463845809;B
20240125;100203;6798.500000000;4;9463845810;B
20240125;100203;6798.500000000;4;9463846028;B
20240125;100203;6798.500000000;4;9463846039;B
20240125;100206;6799.000000000;1;9463847240;B
20240125;100210;6798.000000000;3;9463848330;S
20240125;100210;6798.500000000;10;9463848332;B
20240125;100211;6798.500000000;4;9463848426;S
20240125;100211;6798.000000000;91;9463848427;S
20240125;100211;6798.000000000;1;9463848428;S
20240125;100211;6798.000000000;1;9463848429;S
20240125;100211;6798.000000000;1;9463848430;S
20240125;100211;6798.000000000;22;9463848431;S
20240125;100219;6798.500000000;10;9463851009;B
20240125;100219;6798.500000000;7;9463851010;B
20240125;100219;6798.500000000;17;9463851021;B
20240125;100220;6798.000000000;45;9463851405;B
20240125;100220;6798.000000000;10;9463851406;B
20240125;100220;6798.500000000;3;9463851551;B
20240125;100220;6798.500000000;3;9463851566;B
20240125;100220;6798.500000000;14;9463851592;B
20240125;100220;6799.000000000;3;9463851609;B
20240125;100220;6799.000000000;11;9463851610;B
20240125;100220;6799.000000000;9;9463851625;B
20240125;100220;6799.000000000;3;9463851626;B
20240125;100220;6799.500000000;34;9463851641;B
20240125;100220;6800.000000000;34;9463851697;B
20240125;100221;6800.000000000;56;9463851779;B
20240125;100227;6800.000000000;2;9463853214;B
20240125;100229;6799.500000000;1;9463853429;S
20240125;100229;6799.500000000;1;9463853527;S
20240125;100230;6799.500000000;2;9463853839;S
20240125;100231;6800.000000000;4;9463853933;B
20240125;100231;6800.000000000;4;9463853973;B
20240125;100232;6799.500000000;238;9463854238;S
20240125;100232;6799.500000000;10;9463854239;S
20240125;100232;6798.000000000;20;9463854240;S
20240125;100232;6797.500000000;30;9463854241;S
20240125;100232;6797.500000000;15;9463854242;S
20240125;100232;6797.000000000;4;9463854243;S
20240125;100232;6796.500000000;60;9463854244;S
20240125;100232;6795.000000000;7;9463854245;S
20240125;100232;6795.000000000;205;9463854248;B
20240125;100232;6795.000000000;205;9463854250;B
20240125;100232;6795.000000000;85;9463854251;B
20240125;100233;6795.000000000;1;9463854538;B
20240125;100234;6794.500000000;5;9463854884;S
20240125;100237;6795.000000000;1;9463855765;B
20240125;100239;6794.500000000;89;9463856051;S
20240125;100239;6794.500000000;64;9463856052;S
20240125;100239;6795.000000000;1;9463856144;B
20240125;100240;6794.500000000;8;9463856424;S
20240125;100242;6794.500000000;2;9463856809;S
20240125;100242;6794.500000000;5;9463856978;S
20240125;100244;6794.500000000;27;9463857655;S
20240125;100244;6795.000000000;45;9463857766;B
20240125;100248;6795.000000000;1;9463858617;B
20240125;100249;6795.000000000;7;9463858704;B
20240125;100251;6795.000000000;2;9463859038;B
20240125;100251;6795.000000000;2;9463859055;B
20240125;100251;6795.000000000;19;9463859078;B
20240125;100251;6795.000000000;19;9463859099;B
20240125;100252;6795.000000000;1;9463859235;B
20240125;100255;6794.500000000;2;9463859873;S
20240125;100256;6794.500000000;3;9463859956;S
20240125;100257;6795.000000000;1;9463860429;B
20240125;100258;6795.000000000;1;9463860573;B
20240125;100300;6795.000000000;99;9463861070;B
20240125;100300;6794.500000000;1;9463861135;S
20240125;100300;6794.500000000;1;9463861136;S
20240125;100300;6794.500000000;2;9463861137;S
20240125;100300;6795.000000000;1;9463861142;B
20240125;100302;6795.000000000;2;9463861447;B
20240125;100305;6795.000000000;2;9463862065;B
20240125;100306;6795.000000000;5;9463862228;B
20240125;100306;6795.000000000;2;9463862262;B
20240125;100307;6794.500000000;1;9463862475;S
20240125;100311;6795.000000000;1;9463863665;B
20240125;100312;6795.000000000;1;9463863858;B
20240125;100312;6795.000000000;1;9463863887;B
20240125;100312;6795.000000000;1;9463863953;B
20240125;100313;6795.000000000;1;9463864017;B
20240125;100315;6795.000000000;9;9463864520;B
20240125;100316;6794.500000000;14;9463864630;S
20240125;100317;6794.500000000;81;9463864814;S
20240125;100317;6794.500000000;10;9463864815;S
20240125;100317;6794.500000000;38;9463864816;S
20240125;100317;6794.500000000;4;9463864817;S
20240125;100318;6794.000000000;10;9463865212;S
20240125;100321;6794.500000000;5;9463865698;B
20240125;100327;6794.000000000;2;9463866708;S
20240125;100329;6794.000000000;1;9463866889;S
20240125;100331;6794.500000000;1;9463867210;B
20240125;100333;6794.000000000;4;9463867546;S
20240125;100334;6794.000000000;8;9463867762;S
20240125;100337;6794.000000000;175;9463868200;S
20240125;100337;6794.000000000;1;9463868201;S
20240125;100337;6794.000000000;1;9463868202;S
20240125;100337;6794.000000000;1;9463868203;S
20240125;100337;6794.000000000;22;9463868204;S
20240125;100339;6794.000000000;78;9463868595;S
20240125;100342;6793.500000000;45;9463869080;B
20240125;100342;6794.000000000;111;9463869081;B
20240125;100342;6794.000000000;15;9463869082;B
20240125;100342;6794.000000000;10;9463869083;B
20240125;100342;6794.500000000;19;9463869084;B
20240125;100343;6793.500000000;1;9463869184;S
20240125;100343;6794.000000000;45;9463869315;B
20240125;100343;6794.000000000;45;9463869317;B
20240125;100344;6794.500000000;442;9463869436;B
20240125;100344;6794.500000000;26;9463869437;B
20240125;100344;6794.500000000;11;9463869438;B
20240125;100344;6794.500000000;158;9463869439;B
20240125;100350;6794.500000000;1;9463870452;B
20240125;100351;6794.500000000;1;9463870621;B
20240125;100354;6794.500000000;2;9463871212;B
20240125;100358;6794.000000000;10;9463871935;S
20240125;100358;6794.000000000;4;9463871936;S
20240125;100359;6794.500000000;1;9463872130;B
20240125;100400;6794.500000000;1;9463872204;B
20240125;100400;6794.500000000;5;9463872231;B
20240125;100403;6794.000000000;20;9463872635;S
20240125;100405;6794.000000000;1;9463872938;S
20240125;100415;6794.500000000;4;9463874883;B
20240125;100419;6794.000000000;1;9463875910;S
20240125;100420;6794.000000000;4;9463875911;S
20240125;100421;6794.000000000;16;9463876162;S
20240125;100421;6794.000000000;1;9463876163;S
20240125;100426;6794.500000000;20;9463877093;B
20240125;100437;6794.500000000;1;9463878862;B
20240125;100437;6794.000000000;1;9463878872;S
20240125;100437;6793.500000000;10;9463878873;B
20240125;100437;6793.500000000;1;9463878898;B
20240125;100440;6793.500000000;34;9463879447;B
20240125;100440;6794.000000000;49;9463879448;B
20240125;100440;6794.000000000;9;9463879449;B
20240125;100440;6794.000000000;45;9463879450;B
20240125;100440;6794.000000000;45;9463879451;B
20240125;100440;6794.500000000;6;9463879512;B
20240125;100440;6794.500000000;100;9463879513;B
20240125;100440;6794.500000000;15;9463879514;B
20240125;100440;6794.500000000;11;9463879515;B
20240125;100440;6794.500000000;1;9463879516;B
20240125;100440;6794.500000000;15;9463879517;B
20240125;100440;6794.500000000;45;9463879518;B
20240125;100440;6794.500000000;8;9463879522;B
20240125;100440;6794.500000000;3;9463879523;B
20240125;100440;6795.000000000;140;9463879524;B
20240125;100440;6795.000000000;97;9463879525;B
20240125;100440;6794.500000000;6;9463879526;B
20240125;100447;6794.500000000;10;9463881269;S
20240125;100447;6794.500000000;20;9463881270;S
20240125;100449;6795.000000000;2;9463881652;B
20240125;100450;6794.500000000;6;9463881836;S
20240125;100450;6794.500000000;12;9463881837;S
20240125;100450;6794.500000000;7;9463881838;S
20240125;100451;6794.500000000;8;9463881951;S
20240125;100451;6794.500000000;2;9463881952;B
20240125;100451;6794.500000000;1;9463881983;B
20240125;100453;6794.500000000;1;9463882273;B
20240125;100454;6794.500000000;3;9463882458;B
20240125;100455;6795.000000000;1;9463882845;B
20240125;100457;6794.500000000;1;9463883180;S
20240125;100458;6794.500000000;2;9463883254;S
20240125;100500;6795.000000000;1;9463883586;B
20240125;100503;6794.500000000;50;9463884398;S
20240125;100509;6794.500000000;13;9463885227;S
20240125;100509;6794.500000000;5;9463885228;S
20240125;100509;6794.000000000;40;9463885229;S
20240125;100509;6794.000000000;1;9463885230;S
20240125;100509;6793.000000000;5;9463885231;S
20240125;100509;6793.000000000;1;9463885232;S
20240125;100509;6793.000000000;2;9463885233;S
20240125;100509;6793.000000000;2;9463885234;S
20240125;100509;6793.000000000;6;9463885235;S
20240125;100509;6792.500000000;25;9463885236;S
20240125;100512;6793.000000000;1;9463885740;B
20240125;100514;6794.500000000;1;9463886400;B
20240125;100514;6794.500000000;3;9463886536;B
20240125;100514;6794.500000000;19;9463886537;B
20240125;100514;6794.500000000;10;9463886538;B
20240125;100514;6795.000000000;51;9463886539;B
20240125;100514;6795.000000000;118;9463886540;B
20240125;100517;6795.000000000;525;9463887309;B
20240125;100518;6795.000000000;15;9463887626;B
20240125;100518;6795.000000000;1;9463887632;B
20240125;100525;6795.000000000;1;9463888714;B
20240125;100529;6794.000000000;1;9463889498;S
20240125;100537;6794.500000000;5;9463890877;B
20240125;100537;6794.500000000;15;9463890878;B
20240125;100540;6794.000000000;2;9463891308;S
20240125;100540;6793.500000000;94;9463891309;S
20240125;100540;6793.000000000;10;9463891310;S
20240125;100540;6792.500000000;75;9463891311;S
20240125;100540;6792.500000000;15;9463891312;S
20240125;100540;6792.500000000;2;9463891313;S
20240125;100540;6792.000000000;1;9463891314;S
20240125;100540;6792.000000000;2;9463891315;S
20240125;100540;6792.000000000;21;9463891316;S
20240125;100540;6793.000000000;1;9463891319;B
20240125;100540;6792.500000000;1;9463891324;S
20240125;100540;6792.000000000;1;9463891325;S
20240125;100544;6794.000000000;1;9463892153;B
20240125;100544;6794.000000000;1;9463892237;B
20240125;100544;6793.500000000;1;9463892244;S
20240125;100544;6792.500000000;16;9463892245;S
20240125;100544;6794.000000000;8;9463892259;B
20240125;100544;6794.000000000;6;9463892260;B
20240125;100549;6794.000000000;5;9463893159;B
20240125;100550;6794.500000000;2;9463893258;B
20240125;100551;6794.500000000;8;9463893447;B
20240125;100551;6794.500000000;50;9463893448;B
20240125;100551;6795.000000000;719;9463893449;B
20240125;100552;6795.000000000;1;9463893689;B
20240125;100554;6795.000000000;23;9463894066;B
20240125;100556;6794.500000000;25;9463894347;S
20240125;100602;6794.500000000;2;9463895198;S
20240125;100608;6794.500000000;1;9463896327;S
20240125;100610;6795.000000000;2;9463896651;B
20240125;100615;6795.000000000;80;9463897996;B
20240125;100615;6795.000000000;5;9463897997;B
20240125;100615;6795.000000000;10;9463897998;B
20240125;100615;6797.500000000;5;9463897999;B
20240125;100619;6797.500000000;5;9463898578;S
20240125;100619;6797.000000000;6;9463898579;S
20240125;100619;6796.000000000;45;9463898580;S
20240125;100619;6795.500000000;50;9463898581;S
20240125;100619;6795.500000000;15;9463898582;S
20240125;100619;6795.500000000;10;9463898583;S
20240125;100619;6795.000000000;50;9463898584;S
20240125;100619;6795.000000000;60;9463898585;S
20240125;100624;6795.000000000;100;9463899572;B
20240125;100624;6795.000000000;1;9463899585;B
20240125;100625;6795.000000000;15;9463899701;B
20240125;100628;6794.500000000;1;9463900132;S
20240125;100629;6794.500000000;2;9463900284;S
20240125;100629;6794.500000000;1;9463900285;S
20240125;100630;6794.500000000;1;9463900502;S
20240125;100631;6795.000000000;64;9463900642;B
20240125;100639;6795.500000000;53;9463902171;S
20240125;100639;6795.000000000;1;9463902172;S
20240125;100640;6795.000000000;1;9463902460;B
20240125;100640;6795.000000000;5;9463902515;B
20240125;100643;6794.500000000;2;9463903303;S
20240125;100643;6794.500000000;1;9463903304;S
20240125;100643;6794.500000000;4;9463903305;S
20240125;100643;6794.500000000;1;9463903306;S
20240125;100644;6795.000000000;5;9463903471;B
20240125;100644;6794.500000000;1;9463903671;S
20240125;100644;6793.500000000;1;9463903676;S
20240125;100644;6793.500000000;24;9463903677;S
20240125;100648;6793.000000000;1;9463904504;S
20240125;100648;6793.500000000;1;9463904532;B
20240125;100650;6793.500000000;1;9463904747;B
20240125;100651;6793.000000000;4;9463904905;S
20240125;100651;6793.000000000;1;9463904906;S
20240125;100651;6792.000000000;25;9463904907;S
20240125;100655;6792.000000000;81;9463906094;S
20240125;100655;6792.000000000;5;9463906095;S
20240125;100655;6791.500000000;1;9463906096;S
20240125;100655;6791.500000000;2;9463906097;S
20240125;100655;6791.500000000;1;9463906098;S
20240125;100655;6791.500000000;10;9463906099;S
20240125;100655;6791.000000000;1;9463906158;S
20240125;100655;6791.000000000;3;9463906159;S
20240125;100655;6791.000000000;10;9463906226;S
20240125;100656;6791.000000000;1;9463906368;S
20240125;100656;6792.000000000;1;9463906426;B
20240125;100657;6792.000000000;7;9463906477;B
20240125;100659;6791.000000000;21;9463906859;S
20240125;100700;6791.500000000;1;9463907086;B
20240125;100701;6791.000000000;2;9463907272;S
20240125;100703;6791.000000000;25;9463907606;S
20240125;100704;6791.000000000;4;9463907720;S
20240125;100709;6791.500000000;1;9463908692;B
20240125;100712;6791.000000000;15;9463909199;S
20240125;100714;6791.000000000;55;9463910061;S
20240125;100714;6791.500000000;3;9463910107;B
20240125;100714;6791.500000000;3;9463910108;B
20240125;100714;6791.500000000;1;9463910271;B
20240125;100717;6791.500000000;1;9463910923;B
20240125;100719;6791.000000000;14;9463911158;S
20240125;100719;6791.000000000;21;9463911298;S
20240125;100722;6791.500000000;1;9463911787;B
20240125;100723;6791.000000000;1;9463912040;S
20240125;100723;6791.000000000;28;9463912043;S
20240125;100723;6791.000000000;1;9463912044;S
20240125;100723;6791.000000000;10;9463912045;S
20240125;100723;6791.000000000;61;9463912046;S
20240125;100727;6791.000000000;1;9463912746;S
20240125;100729;6791.000000000;23;9463912936;S
20240125;100729;6791.000000000;1;9463912937;S
20240125;100729;6791.000000000;1;9463912938;S
20240125;100733;6791.000000000;4;9463913865;S
20240125;100734;6791.000000000;1;9463914138;S
20240125;100736;6791.500000000;12;9463914375;B
20240125;100736;6791.500000000;7;9463914464;B
20240125;100739;6791.000000000;1;9463914880;S
20240125;100739;6791.000000000;1;9463914881;S
20240125;100739;6791.000000000;1;9463914882;S
20240125;100739;6791.000000000;2;9463914883;S
20240125;100739;6790.500000000;200;9463914884;S
20240125;100739;6790.500000000;1;9463914885;S
20240125;100739;6790.500000000;1;9463914886;S
20240125;100739;6790.000000000;1;9463914888;S
20240125;100739;6790.000000000;1;9463914889;S
20240125;100739;6790.000000000;1;9463914890;S
20240125;100739;6790.000000000;3;9463914891;S
20240125;100739;6790.000000000;1;9463914892;S
20240125;100739;6790.000000000;1;9463914893;S
20240125;100739;6790.000000000;1;9463914894;S
20240125;100739;6790.000000000;1;9463914895;S
20240125;100739;6790.000000000;5;9463914896;S
20240125;100739;6790.000000000;1;9463914897;S
20240125;100739;6790.000000000;3;9463914898;S
20240125;100739;6790.000000000;1;9463914899;S
20240125;100739;6790.000000000;50;9463914900;S
20240125;100739;6790.000000000;1;9463914901;S
20240125;100739;6790.000000000;50;9463914902;S
20240125;100739;6790.000000000;1;9463914903;S
20240125;100739;6790.000000000;1;9463914904;S
20240125;100739;6790.000000000;1;9463914905;S
20240125;100739;6790.000000000;1;9463914906;S
20240125;100739;6790.000000000;1;9463914907;S
20240125;100739;6789.000000000;1;9463914908;S
20240125;100739;6789.000000000;1;9463914909;S
20240125;100739;6789.000000000;10;9463914910;S
20240125;100739;6789.000000000;100;9463914911;S
20240125;100739;6789.000000000;6;9463914912;S
20240125;100739;6789.000000000;1;9463914913;S
20240125;100739;6789.000000000;1;9463914914;S
20240125;100739;6789.000000000;10;9463914915;S
20240125;100739;6789.000000000;73;9463914916;S
20240125;100739;6789.500000000;10;9463914917;B
20240125;100739;6789.500000000;10;9463914918;B
20240125;100739;6789.000000000;10;9463914919;B
20240125;100739;6788.500000000;1;9463914920;S
20240125;100739;6788.500000000;5;9463914921;S
20240125;100739;6788.000000000;1;9463914922;S
20240125;100739;6788.000000000;1;9463914923;S
20240125;100739;6788.000000000;2;9463914924;S
20240125;100739;6788.000000000;18;9463914925;S
20240125;100739;6788.000000000;1;9463914926;S
20240125;100739;6788.000000000;75;9463914927;S
20240125;100739;6788.000000000;1;9463914928;S
20240125;100739;6788.000000000;1;9463914929;S
20240125;100739;6788.000000000;4;9463914930;S
20240125;100739;6788.000000000;20;9463914931;S
20240125;100739;6788.000000000;20;9463914932;S
20240125;100739;6788.000000000;20;9463914933;S
20240125;100739;6788.000000000;10;9463914934;S
20240125;100739;6788.000000000;10;9463914935;B
20240125;100739;6788.000000000;10;9463914936;B
20240125;100739;6787.500000000;120;9463915071;S
20240125;100739;6787.500000000;395;9463915072;S
20240125;100739;6787.500000000;25;9463915073;S
20240125;100739;6787.500000000;3;9463915074;S
20240125;100739;6787.500000000;1;9463915075;S
20240125;100739;6787.500000000;40;9463915076;S
20240125;100739;6787.500000000;10;9463915077;S
20240125;100739;6787.000000000;2;9463915078;S
20240125;100739;6787.000000000;518;9463915079;S
20240125;100739;6787.000000000;2;9463915089;S
20240125;100740;6787.000000000;16;9463915114;S
20240125;100740;6787.000000000;2;9463915207;S
20240125;100741;6787.000000000;1;9463915267;S
20240125;100741;6787.000000000;1;9463915296;S
20240125;100741;6787.000000000;3;9463915311;S
20240125;100741;6787.000000000;1;9463915356;S
20240125;100742;6787.000000000;27;9463915427;S
20240125;100742;6787.000000000;24;9463915563;S
20240125;100742;6787.000000000;1;9463915609;S
20240125;100745;6787.500000000;1;9463916143;B
20240125;100747;6787.000000000;10;9463916540;S
20240125;100750;6787.500000000;4;9463917218;B
20240125;100751;6787.500000000;1;9463917299;B
20240125;100752;6787.000000000;2;9463917590;S
20240125;100752;6787.000000000;60;9463917591;S
20240125;100754;6787.000000000;33;9463917988;S
20240125;100755;6787.000000000;15;9463918244;S
20240125;100757;6787.000000000;5;9463918580;S
20240125;100757;6787.000000000;5;9463918616;S
20240125;100758;6787.000000000;1;9463918821;S
20240125;100758;6787.500000000;4;9463918884;B
20240125;100758;6787.500000000;6;9463918885;B
20240125;100759;6787.000000000;183;9463919071;S
20240125;100759;6787.000000000;1;9463919072;S
20240125;100759;6787.000000000;1;9463919118;S
20240125;100800;6787.000000000;1;9463919369;S
20240125;100801;6787.000000000;11;9463919502;S
20240125;100802;6787.000000000;10;9463919698;S
20240125;100803;6787.000000000;2;9463919929;S
20240125;100804;6787.000000000;1;9463919991;S
20240125;100806;6787.000000000;63;9463920532;S
20240125;100806;6787.000000000;1;9463920533;S
20240125;100806;6787.000000000;1;9463920534;S
20240125;100806;6787.000000000;5;9463920535;S
20240125;100806;6787.000000000;2;9463920536;S
20240125;100806;6787.000000000;1;9463920537;S
20240125;100806;6787.000000000;1;9463920538;S
20240125;100806;6786.000000000;1;9463920541;S
20240125;100806;6786.000000000;1;9463920542;S
20240125;100806;6786.000000000;3;9463920543;S
20240125;100806;6786.000000000;3;9463920544;S
20240125;100806;6786.000000000;1;9463920545;S
20240125;100806;6786.000000000;1;9463920546;S
20240125;100806;6786.000000000;1;9463920547;S
20240125;100806;6786.000000000;1;9463920548;S
20240125;100806;6786.000000000;1;9463920549;S
20240125;100806;6786.000000000;1;9463920550;S
20240125;100806;6786.000000000;1;9463920551;S
20240125;100806;6785.500000000;2;9463920552;S
20240125;100806;6785.500000000;3;9463920553;S
20240125;100806;6785.500000000;1;9463920554;S
20240125;100807;6785.000000000;1;9463920735;S
20240125;100807;6785.000000000;4;9463920736;S
20240125;100808;6785.000000000;3;9463920756;S
20240125;100808;6785.000000000;1;9463920757;S
20240125;100808;6785.000000000;1;9463920758;S
20240125;100808;6785.000000000;1;9463920759;S
20240125;100808;6784.500000000;1;9463920760;S
20240125;100808;6783.000000000;1;9463920761;S
20240125;100808;6783.000000000;1;9463920762;S
20240125;100808;6783.000000000;41;9463920763;S
20240125;100808;6783.000000000;8;9463920832;S
20240125;100808;6783.500000000;10;9463920867;B
20240125;100808;6783.500000000;10;9463920884;B
20240125;100808;6783.500000000;10;9463920913;B
20240125;100809;6783.500000000;10;9463920950;B
20240125;100810;6783.500000000;1;9463921196;B
20240125;100812;6783.000000000;1;9463921581;S
20240125;100812;6782.500000000;5;9463921582;S
20240125;100812;6782.500000000;2;9463921583;S
20240125;100812;6782.000000000;1;9463921584;S
20240125;100813;6782.000000000;1;9463921704;S
20240125;100813;6782.500000000;1;9463921844;B
20240125;100814;6782.000000000;1;9463921897;S
20240125;100814;6782.000000000;2;9463921898;S
20240125;100814;6781.500000000;1;9463921899;S
20240125;100814;6781.500000000;10;9463921900;S
20240125;100818;6782.000000000;2;9463922590;B
20240125;100819;6781.500000000;1;9463922635;S
20240125;100819;6781.500000000;10;9463922636;S
20240125;100819;6781.500000000;1;9463922776;B
20240125;100821;6781.500000000;1;9463923010;B
20240125;100825;6781.500000000;13;9463923624;B
20240125;100825;6781.500000000;11;9463923625;B
20240125;100826;6782.000000000;5;9463923846;B
20240125;100827;6782.000000000;3;9463924113;B
20240125;100829;6785.000000000;4;9463924462;B
20240125;100830;6784.000000000;10;9463924491;S
20240125;100830;6784.000000000;2;9463924492;S
20240125;100830;6784.000000000;45;9463924493;S
20240125;100830;6783.500000000;43;9463924494;S
20240125;100837;6785.000000000;2;9463925551;B
20240125;100837;6786.000000000;9;9463925592;B
20240125;100837;6786.500000000;11;9463925600;B
20240125;100837;6786.500000000;36;9463925601;B
20240125;100837;6786.500000000;3;9463925602;B
20240125;100839;6786.500000000;28;9463925699;S
20240125;100844;6787.500000000;11;9463926601;B
20240125;100844;6787.500000000;10;9463926602;B
20240125;100844;6787.500000000;29;9463926603;B
20240125;100847;6787.500000000;11;9463927076;B
20240125;100850;6788.000000000;1;9463927565;B
20240125;100853;6788.000000000;3;9463928002;B
20240125;100856;6787.500000000;3;9463928336;S
20240125;100856;6787.500000000;1;9463928356;S
20240125;100856;6787.500000000;4;9463928357;S
20240125;100856;6788.000000000;50;9463928382;B
20240125;100859;6787.500000000;1;9463928784;S
20240125;100859;6787.500000000;1;9463928785;S
20240125;100859;6787.500000000;12;9463928914;B
20240125;100904;6787.000000000;1;9463929661;S
20240125;100904;6787.000000000;1;9463929662;S
20240125;100904;6787.000000000;1;9463929663;S
20240125;100904;6787.000000000;1;9463929664;S
20240125;100904;6787.000000000;1;9463929665;S
20240125;100904;6787.000000000;1;9463929666;S
20240125;100905;6786.500000000;10;9463929882;S
20240125;100905;6786.000000000;5;9463929883;S
20240125;100906;6786.500000000;1;9463929911;B
20240125;100906;6786.500000000;10;9463929998;B
20240125;100906;6786.500000000;10;9463929999;B
20240125;100906;6786.500000000;1;9463930057;B
20240125;100906;6787.000000000;1;9463930058;B
20240125;100910;6786.500000000;6;9463930596;B
20240125;100910;6786.500000000;1;9463930654;B
20240125;100912;6786.500000000;4;9463930919;B
20240125;100912;6786.500000000;2;9463930920;B
20240125;100913;6787.000000000;3;9463931184;B
20240125;100914;6786.500000000;2;9463931357;S
20240125;100915;6787.000000000;1;9463931417;B
20240125;100917;6786.500000000;1;9463931703;S
20240125;100919;6786.500000000;7;9463931835;S
20240125;100921;6787.000000000;9;9463932168;B
20240125;100921;6787.000000000;11;9463932169;B
20240125;100921;6787.000000000;2;9463932171;S
20240125;100924;6787.500000000;1;9463932572;B
20240125;100933;6787.500000000;2;9463934021;B
20240125;100933;6788.000000000;76;9463934022;B
20240125;100933;6788.000000000;2;9463934023;B
20240125;100933;6788.000000000;50;9463934024;B
20240125;100933;6789.500000000;5;9463934026;B
20240125;100933;6790.000000000;3;9463934027;B
20240125;100933;6790.500000000;36;9463934029;B
20240125;100933;6791.000000000;1;9463934031;B
20240125;100936;6791.500000000;3;9463934545;S
20240125;100936;6791.500000000;2;9463934744;S
20240125;100939;6791.500000000;47;9463935609;S
20240125;100946;6791.500000000;1;9463936728;B
20240125;100946;6791.000000000;41;9463936746;S
20240125;100951;6791.000000000;1;9463937568;S
20240125;100953;6791.000000000;10;9463937825;S
20240125;100953;6791.000000000;2;9463937826;S
20240125;100953;6791.000000000;1;9463937827;S
20240125;100953;6790.500000000;51;9463937828;S
20240125;100953;6790.000000000;11;9463937829;S
20240125;100956;6790.500000000;1;9463938288;S
20240125;100959;6790.000000000;25;9463938637;S
20240125;100959;6789.500000000;50;9463938683;B
20240125;100959;6789.500000000;23;9463938684;B
20240125;101015;6789.000000000;1;9463941482;S
20240125;101016;6789.500000000;1;9463941678;B
20240125;101019;6789.000000000;1;9463942011;S
20240125;101019;6789.000000000;5;9463942012;S
20240125;101019;6789.000000000;1;9463942013;S
20240125;101030;6788.000000000;36;9463943514;S
20240125;101030;6788.000000000;14;9463943515;S
20240125;101030;6788.000000000;10;9463943516;S
20240125;101030;6788.000000000;11;9463943517;S
20240125;101030;6788.000000000;1;9463943518;S
20240125;101030;6787.500000000;5;9463943519;S
20240125;101030;6787.500000000;11;9463943520;S
20240125;101030;6787.000000000;11;9463943521;S
20240125;101030;6786.500000000;51;9463943522;S
20240125;101036;6788.500000000;4;9463944156;B
20240125;101036;6788.500000000;1;9463944196;B
20240125;101038;6787.000000000;10;9463944638;S
20240125;101039;6787.000000000;1;9463944753;S
20240125;101039;6787.000000000;5;9463944754;S
20240125;101039;6787.000000000;10;9463944755;S
20240125;101041;6788.500000000;5;9463945056;B
20240125;101041;6789.000000000;6;9463945057;B
20240125;101041;6789.000000000;8;9463945058;B
20240125;101041;6789.000000000;3;9463945059;B
20240125;101041;6789.500000000;20;9463945060;B
20240125;101041;6789.500000000;10;9463945061;B
20240125;101045;6789.500000000;1;9463945548;B
20240125;101059;6789.000000000;1;9463947202;S
20240125;101059;6789.000000000;5;9463947203;S
20240125;101100;6788.000000000;1;9463947479;S
20240125;101100;6788.000000000;9;9463947480;S
20240125;101105;6788.500000000;1;9463948023;B
20240125;101115;6787.500000000;10;9463949162;S
20240125;101116;6787.500000000;1;9463949263;S
20240125;101119;6787.500000000;4;9463949580;S
20240125;101119;6787.500000000;7;9463949694;S
20240125;101125;6789.000000000;2;9463950442;B
20240125;101128;6789.000000000;6;9463951098;S
20240125;101130;6790.000000000;30;9463951378;B
20240125;101130;6790.000000000;15;9463951379;B
20240125;101134;6791.000000000;15;9463951912;S
20240125;101134;6791.000000000;1;9463951990;S
20240125;101136;6791.000000000;5;9463952298;S
20240125;101138;6791.500000000;5;9463952528;B
20240125;101139;6791.000000000;16;9463952601;S
20240125;101139;6791.500000000;24;9463952683;B
20240125;101139;6791.500000000;10;9463952684;B
20240125;101140;6792.000000000;20;9463952718;B
20240125;101140;6792.000000000;2;9463952719;B
20240125;101140;6793.500000000;2;9463952763;S
20240125;101140;6794.000000000;1;9463952780;B
20240125;101150;6794.000000000;1;9463954114;S
20240125;101150;6794.000000000;1;9463954115;S
20240125;101150;6794.000000000;8;9463954116;S
20240125;101150;6794.500000000;1;9463954127;B
20240125;101150;6794.500000000;9;9463954128;B
20240125;101152;6794.500000000;1;9463954375;B
20240125;101152;6794.500000000;11;9463954376;B
20240125;101152;6794.500000000;2;9463954377;B
20240125;101152;6795.000000000;120;9463954378;B
20240125;101152;6795.000000000;11;9463954379;B
20240125;101152;6795.500000000;11;9463954380;B
20240125;101152;6796.500000000;15;9463954381;B
20240125;101152;6797.000000000;100;9463954382;B
20240125;101152;6797.000000000;15;9463954383;B
20240125;101152;6797.500000000;90;9463954384;B
20240125;101152;6797.500000000;90;9463954385;B
20240125;101152;6798.000000000;24;9463954386;B
20240125;101152;6798.000000000;36;9463954387;B
20240125;101152;6798.500000000;60;9463954388;B
20240125;101152;6799.000000000;1;9463954389;B
20240125;101152;6799.000000000;1;9463954390;B
20240125;101152;6799.000000000;5;9463954391;B
20240125;101152;6799.000000000;57;9463954392;B
20240125;101152;6799.000000000;30;9463954393;B
20240125;101152;6799.500000000;67;9463954394;B
20240125;101152;6800.000000000;1;9463954395;B
20240125;101152;6800.000000000;3;9463954396;B
20240125;101152;6800.000000000;265;9463954397;B
20240125;101152;6796.500000000;1;9463954470;S
20240125;101153;6797.000000000;2;9463954628;B
20240125;101157;6795.500000000;1;9463955154;S
20240125;101159;6796.000000000;33;9463955401;S
20240125;101159;6795.500000000;20;9463955402;S
20240125;101159;6795.500000000;10;9463955403;S
20240125;101159;6795.500000000;45;9463955404;S
20240125;101159;6795.500000000;36;9463955405;S
20240125;101159;6795.000000000;45;9463955406;S
20240125;101159;6795.000000000;15;9463955407;S
20240125;101159;6794.500000000;5;9463955408;S
20240125;101159;6794.000000000;60;9463955409;S
20240125;101159;6794.000000000;135;9463955410;S
20240125;101204;6795.000000000;1;9463956246;S
20240125;101207;6795.500000000;30;9463956600;S
20240125;101215;6795.000000000;7;9463957581;S
20240125;101215;6795.000000000;10;9463957582;S
20240125;101218;6796.000000000;3;9463957883;B
20240125;101219;6795.500000000;7;9463957960;S
20240125;101220;6795.500000000;7;9463958076;S
20240125;101224;6796.000000000;1;9463958652;B
20240125;101224;6796.500000000;9;9463958653;B
20240125;101225;6795.500000000;4;9463958743;S
20240125;101226;6796.500000000;15;9463958866;B
20240125;101226;6796.500000000;10;9463958867;B
20240125;101226;6797.500000000;25;9463958868;B
20240125;101235;6799.000000000;10;9463960555;B
20240125;101235;6799.000000000;50;9463960556;B
20240125;101235;6799.000000000;40;9463960557;B
20240125;101236;6798.500000000;8;9463960630;B
20240125;101237;6798.500000000;1;9463960746;B
20240125;101239;6798.000000000;10;9463960896;S
20240125;101239;6798.000000000;7;9463960897;S
20240125;101239;6797.000000000;7;9463960898;S
20240125;101241;6797.500000000;6;9463961312;B
20240125;101244;6797.500000000;1;9463961572;B
20240125;101249;6799.500000000;1;9463962200;B
20240125;101249;6800.000000000;85;9463962201;B
20240125;101249;6800.000000000;100;9463962202;B
20240125;101249;6800.000000000;1;9463962203;B
20240125;101249;6800.500000000;3;9463962204;B
20240125;101251;6802.000000000;1;9463962629;B
20240125;101252;6802.500000000;2;9463962641;B
20240125;101257;6801.500000000;43;9463963649;S
20240125;101257;6801.500000000;5;9463963650;S
20240125;101257;6801.000000000;45;9463963651;S
20240125;101257;6801.000000000;10;9463963652;S
20240125;101257;6800.500000000;50;9463963653;S
20240125;101257;6800.000000000;50;9463963654;S
20240125;101257;6800.000000000;352;9463963655;S
20240125;101259;6801.500000000;58;9463963927;S
20240125;101259;6800.500000000;31;9463963928;S
20240125;101259;6800.500000000;10;9463963929;S
20240125;101259;6800.000000000;4;9463963930;S
20240125;101301;6800.000000000;1;9463964183;S
20240125;101304;6800.000000000;143;9463964628;S
20240125;101304;6800.000000000;6;9463964629;S
20240125;101305;6799.500000000;8;9463964728;B
20240125;101306;6797.500000000;3;9463964795;S
20240125;101306;6797.000000000;5;9463964796;S
20240125;101306;6796.500000000;1;9463964797;S
20240125;101306;6796.000000000;21;9463964798;S
20240125;101307;6798.000000000;10;9463964882;B
20240125;101309;6797.500000000;2;9463965217;B
20240125;101313;6797.000000000;10;9463965954;B
20240125;101316;6796.500000000;36;9463966244;B
20240125;101316;6797.000000000;4;9463966245;B
20240125;101316;6797.000000000;1;9463966300;B
20240125;101317;6797.000000000;10;9463966321;B
20240125;101317;6797.000000000;6;9463966409;B
20240125;101319;6796.000000000;10;9463966528;S
20240125;101319;6795.500000000;4;9463966529;S
20240125;101319;6795.500000000;5;9463966530;S
20240125;101319;6795.000000000;18;9463966531;S
20240125;101319;6796.500000000;1;9463966546;B
20240125;101323;6796.500000000;5;9463967131;B
20240125;101329;6795.000000000;12;9463967832;S
20240125;101329;6796.500000000;1;9463967900;B
20240125;101333;6797.000000000;1;9463968574;B
20240125;101339;6795.500000000;3;9463969273;S
20240125;101341;6797.000000000;1;9463969604;B
20240125;101341;6797.000000000;7;9463969607;B
20240125;101344;6797.000000000;11;9463970077;S
20240125;101344;6797.000000000;7;9463970078;S
20240125;101344;6797.000000000;1;9463970121;B
20240125;101347;6796.500000000;1;9463970343;S
20240125;101347;6796.500000000;4;9463970344;S
20240125;101348;6796.500000000;1;9463971219;S
20240125;101358;6796.000000000;45;9463972624;B
20240125;101358;6796.000000000;55;9463972625;B
20240125;101359;6795.500000000;10;9463972688;S
20240125;101359;6795.000000000;8;9463972689;S
20240125;101359;6796.500000000;1;9463972708;B
20240125;101406;6797.000000000;10;9463973595;B
20240125;101419;6796.000000000;1;9463975053;S
20240125;101432;6797.000000000;2;9463976632;B
20240125;101432;6797.000000000;3;9463976713;B
20240125;101434;6797.000000000;15;9463976833;B
20240125;101439;6796.500000000;3;9463977405;S
20240125;101448;6796.500000000;1;9463978300;S
20240125;101448;6796.500000000;2;9463978325;S
20240125;101450;6797.000000000;13;9463978558;B
20240125;101452;6797.000000000;1;9463978814;B
20240125;101459;6796.500000000;2;9463979662;S
20240125;101459;6796.500000000;2;9463979663;S
20240125;101459;6796.500000000;11;9463979664;S
20240125;101459;6796.500000000;4;9463979665;S
20240125;101459;6796.500000000;1;9463979666;S
20240125;101459;6796.500000000;2;9463979667;S
20240125;101503;6797.000000000;3;9463980660;B
20240125;101508;6797.000000000;20;9463981411;B
20240125;101509;6796.500000000;8;9463981621;S
20240125;101509;6796.500000000;3;9463981622;S
20240125;101513;6797.000000000;30;9463982193;B
20240125;101519;6796.500000000;2;9463983081;S
20240125;101519;6796.500000000;1;9463983082;S
20240125;101519;6796.500000000;1;9463983083;S
20240125;101519;6796.500000000;2;9463983084;S
20240125;101519;6796.000000000;6;9463983085;S
20240125;101521;6796.000000000;4;9463983603;S
20240125;101521;6796.000000000;1;9463983604;S
20240125;101522;6797.000000000;3;9463983877;B
20240125;101523;6796.500000000;10;9463984155;B
20240125;101524;6796.500000000;4;9463984331;B
20240125;101526;6796.500000000;6;9463984706;B
20240125;101526;6796.500000000;1;9463984707;B
20240125;101531;6797.000000000;1;9463985344;B
20240125;101537;6797.000000000;21;9463986490;B
20240125;101537;6797.000000000;9;9463986566;B
20240125;101537;6797.000000000;11;9463986567;B
20240125;101539;6796.500000000;3;9463986906;S
20240125;101539;6796.500000000;4;9463986907;S
20240125;101539;6796.500000000;2;9463986908;S
20240125;101539;6797.000000000;89;9463986914;B
20240125;101539;6797.000000000;2;9463986915;B
20240125;101539;6797.000000000;1;9463986916;B
20240125;101539;6797.000000000;300;9463986917;B
20240125;101539;6797.000000000;2;9463986918;B
20240125;101539;6797.000000000;1;9463986919;B
20240125;101539;6798.000000000;79;9463986921;B
20240125;101539;6800.000000000;1;9463987060;B
20240125;101540;6800.000000000;33;9463987250;B
20240125;101540;6800.000000000;1;9463987251;B
20240125;101540;6801.000000000;3;9463987256;B
20240125;101540;6802.000000000;1;9463987298;B
20240125;101540;6802.000000000;1;9463987311;S
20240125;101541;6802.500000000;1;9463987529;B
20240125;101543;6803.000000000;2;9463987778;B
20240125;101546;6802.000000000;4;9463988335;S
20240125;101546;6802.000000000;1;9463988382;S
20240125;101547;6802.500000000;3;9463988431;B
20240125;101548;6802.500000000;1;9463988646;B
20240125;101550;6802.500000000;31;9463988925;B
20240125;101550;6802.500000000;15;9463988944;B
20240125;101550;6803.000000000;2;9463989064;B
20240125;101550;6803.000000000;1;9463989065;B
20240125;101550;6803.000000000;1;9463989066;B
20240125;101552;6803.500000000;1;9463989369;B
20240125;101554;6803.500000000;50;9463989753;B
20240125;101556;6804.000000000;1;9463990109;B
20240125;101557;6803.500000000;32;9463990382;S
20240125;101559;6803.000000000;20;9463990627;S
20240125;101559;6803.000000000;10;9463990628;S
20240125;101559;6803.000000000;5;9463990629;S
20240125;101559;6802.500000000;42;9463990630;S
20240125;101559;6802.000000000;10;9463990631;S
20240125;101559;6801.000000000;3;9463990632;S
20240125;101603;6803.500000000;5;9463991264;B
20240125;101604;6803.500000000;1;9463991430;B
20240125;101605;6803.500000000;36;9463991648;B
20240125;101605;6804.000000000;9;9463991649;B
20240125;101605;6804.000000000;10;9463991650;B
20240125;101605;6804.500000000;11;9463991651;B
20240125;101605;6804.500000000;25;9463991652;B
20240125;101606;6804.000000000;1;9463991741;B
20240125;101607;6804.500000000;8;9463992043;B
20240125;101614;6804.000000000;2;9463993096;S
20240125;101615;6804.000000000;44;9463993323;S
20240125;101615;6804.000000000;4;9463993324;S
20240125;101615;6804.000000000;1;9463993325;S
20240125;101618;6804.000000000;1;9463993741;B
20240125;101619;6803.500000000;8;9463993910;S
20240125;101619;6801.500000000;14;9463993911;S
20240125;101619;6802.500000000;1;9463993995;S
20240125;101619;6802.000000000;22;9463993996;S
20240125;101621;6802.000000000;72;9463994276;S
20240125;101621;6802.000000000;94;9463994277;S
20240125;101621;6802.000000000;10;9463994278;S
20240125;101621;6801.500000000;5;9463994279;S
20240125;101621;6800.000000000;6;9463994280;S
20240125;101621;6799.500000000;11;9463994281;S
20240125;101621;6799.500000000;15;9463994282;S
20240125;101621;6799.000000000;10;9463994284;S
20240125;101623;6797.000000000;1;9463994873;S
20240125;101623;6796.500000000;20;9463994874;S
20240125;101627;6797.500000000;9;9463995511;B
20240125;101630;6797.500000000;1;9463995996;B
20240125;101630;6798.000000000;4;9463995997;B
20240125;101634;6797.000000000;1;9463996646;B
20240125;101635;6797.000000000;1;9463996701;B
20240125;101636;6796.000000000;4;9463996787;S
20240125;101639;6796.000000000;5;9463997184;S
20240125;101639;6796.000000000;10;9463997185;S
20240125;101639;6796.000000000;1;9463997186;S
20240125;101639;6795.000000000;23;9463997187;S
20240125;101641;6797.500000000;1;9463997591;B
20240125;101642;6797.500000000;1;9463997700;B
20240125;101642;6797.500000000;3;9463997708;B
20240125;101643;6797.500000000;14;9463997917;B
20240125;101646;6797.000000000;5;9463998249;S
20240125;101646;6796.500000000;10;9463998250;B
20240125;101648;6795.500000000;10;9463998565;S
20240125;101648;6795.000000000;101;9463998566;S
20240125;101648;6795.000000000;1;9463998567;S
20240125;101648;6795.000000000;43;9463998568;S
20240125;101648;6794.500000000;1;9463998569;S
20240125;101648;6794.000000000;1;9463998570;S
20240125;101648;6794.000000000;3;9463998571;S
20240125;101648;6794.000000000;1;9463998572;S
20240125;101648;6794.000000000;11;9463998573;S
20240125;101648;6793.500000000;11;9463998574;S
20240125;101648;6793.500000000;15;9463998575;S
20240125;101648;6793.000000000;2;9463998576;S
20240125;101653;6794.000000000;1;9463999251;B
20240125;101653;6794.000000000;1;9463999252;B
20240125;101659;6793.500000000;10;9463999893;S
20240125;101659;6793.500000000;5;9463999894;S
20240125;101659;6793.500000000;1;9463999923;B
20240125;101719;6793.000000000;16;9464002613;S
20240125;101723;6793.000000000;1;9464003503;S
20240125;101734;6793.000000000;8;9464004790;S
20240125;101737;6794.000000000;1;9464005118;B
20240125;101739;6793.500000000;2;9464005315;S
20240125;101741;6796.000000000;10;9464005572;B
20240125;101741;6796.000000000;37;9464005573;B
20240125;101743;6795.500000000;1;9464005747;B
20240125;101744;6795.500000000;9;9464005928;B
20240125;101744;6795.500000000;50;9464005929;B
20240125;101744;6795.500000000;29;9464005930;B
20240125;101744;6796.000000000;50;9464005931;B
20240125;101744;6796.000000000;50;9464005932;B
20240125;101744;6796.500000000;50;9464005933;B
20240125;101744;6796.500000000;15;9464005934;B
20240125;101744;6797.000000000;50;9464005935;B
20240125;101744;6797.000000000;21;9464005936;B
20240125;101744;6797.500000000;50;9464005937;B
20240125;101744;6797.500000000;36;9464005938;B
20240125;101744;6797.500000000;2;9464005939;B
20240125;101744;6798.000000000;50;9464005940;B
20240125;101744;6798.000000000;45;9464005941;B
20240125;101744;6798.500000000;11;9464005942;B
20240125;101744;6798.500000000;30;9464005943;B
20240125;101744;6798.500000000;60;9464005944;B
20240125;101744;6799.000000000;50;9464005945;B
20240125;101744;6799.000000000;20;9464005946;B
20240125;101744;6799.000000000;11;9464005947;B
20240125;101744;6799.000000000;140;9464005948;B
20240125;101744;6799.500000000;171;9464005949;B
20240125;101747;6796.000000000;1;9464006398;S
20240125;101747;6797.000000000;5;9464006414;S
20240125;101749;6798.500000000;1;9464006722;B
20240125;101752;6797.500000000;4;9464007067;S
20240125;101753;6798.500000000;2;9464007156;B
20240125;101757;6797.500000000;1;9464007759;S
20240125;101759;6797.500000000;14;9464008077;S
20240125;101759;6797.500000000;41;9464008078;S
20240125;101759;6797.000000000;10;9464008079;S
20240125;101759;6796.500000000;29;9464008080;S
20240125;101759;6796.000000000;50;9464008081;S
20240125;101804;6798.500000000;10;9464008896;B
20240125;101810;6798.000000000;1;9464009648;B
20240125;101815;6796.500000000;1;9464010414;S
20240125;101815;6796.500000000;1;9464010415;S
20240125;101815;6796.500000000;5;9464010416;S
20240125;101815;6796.000000000;4;9464010417;S
20240125;101815;6795.500000000;4;9464010418;S
20240125;101817;6797.000000000;5;9464010642;B
20240125;101819;6795.000000000;5;9464010833;S
20240125;101820;6797.000000000;5;9464010997;B
20240125;101820;6797.000000000;6;9464010998;B
20240125;101820;6797.500000000;4;9464010999;B
20240125;101820;6796.500000000;1;9464011073;B
20240125;101821;6796.500000000;9;9464011343;B
20240125;101821;6796.500000000;21;9464011344;B
20240125;101835;6796.000000000;1;9464013686;B
20240125;101838;6796.000000000;11;9464014428;B
20240125;101838;6796.000000000;36;9464014429;B
20240125;101838;6796.500000000;45;9464014430;B
20240125;101838;6796.500000000;10;9464014431;B
20240125;101838;6796.500000000;11;9464014432;B
20240125;101839;6796.500000000;21;9464014507;S
20240125;101839;6797.000000000;3;9464014652;B
20240125;101840;6797.000000000;1;9464014778;B
20240125;101849;6795.000000000;1;9464016622;S
20240125;101849;6795.000000000;5;9464016632;B
20240125;101859;6794.000000000;2;9464018472;S
20240125;101900;6795.000000000;1;9464018746;B
20240125;101907;6794.000000000;10;9464020163;S
20240125;101909;6794.000000000;2;9464020730;S
20240125;101912;6795.000000000;5;9464021234;B
20240125;101912;6795.000000000;2;9464021235;B
20240125;101914;6795.000000000;34;9464021900;B
20240125;101914;6795.000000000;3;9464021901;B
20240125;101914;6795.000000000;11;9464021902;B
20240125;101914;6795.500000000;5;9464021903;B
20240125;101914;6795.500000000;11;9464021904;B
20240125;101914;6795.500000000;10;9464021905;B
20240125;101914;6796.000000000;50;9464021906;B
20240125;101914;6796.000000000;11;9464021907;B
20240125;101914;6796.000000000;15;9464021908;B
20240125;101914;6796.500000000;50;9464021909;B
20240125;101914;6796.500000000;35;9464021910;B
20240125;101922;6795.000000000;1;9464023728;S
20240125;101922;6795.000000000;6;9464023729;S
20240125;101922;6795.000000000;6;9464023730;S
20240125;101925;6794.000000000;1;9464024155;S
20240125;101925;6794.000000000;5;9464024156;S
20240125;101925;6794.000000000;1;9464024157;S
20240125;101925;6794.000000000;2;9464024158;S
20240125;101928;6794.500000000;1;9464024690;B
20240125;101933;6794.500000000;2;9464025537;B
20240125;101941;6794.000000000;1;9464027156;S
20240125;101948;6794.500000000;2;9464028371;B
20240125;101949;6794.000000000;5;9464028631;S
20240125;101950;6794.000000000;2;9464028774;S
20240125;101950;6794.000000000;1;9464028775;S
20240125;102001;6794.000000000;4;9464030762;S
20240125;102001;6794.000000000;2;9464030763;S
20240125;102005;6795.000000000;1;9464031252;B
20240125;102007;6794.500000000;10;9464031521;S
20240125;102007;6794.000000000;6;9464031522;S
20240125;102007;6794.000000000;2;9464031523;S
20240125;102010;6795.000000000;1;9464031899;B
20240125;102010;6795.000000000;8;9464031923;B
20240125;102010;6795.000000000;6;9464031924;B
20240125;102012;6794.500000000;1;9464032267;S
20240125;102017;6794.500000000;1;9464033472;S
20240125;102018;6795.000000000;3;9464033838;S
20240125;102019;6795.000000000;46;9464033864;S
20240125;102022;6795.500000000;10;9464034687;B
20240125;102022;6795.000000000;3;9464034706;S
20240125;102024;6795.500000000;1;9464035091;B
20240125;102024;6795.500000000;5;9464035092;B
20240125;102024;6796.000000000;1;9464035093;B
20240125;102025;6796.000000000;5;9464035242;B
20240125;102028;6796.000000000;2;9464035794;B
20240125;102038;6796.000000000;4;9464037199;B
20240125;102038;6796.000000000;1;9464037200;B
20240125;102039;6795.500000000;4;9464037342;S
20240125;102041;6796.000000000;10;9464037724;B
20240125;102046;6796.000000000;1;9464038408;B
20240125;102047;6795.500000000;8;9464038632;S
20240125;102054;6796.000000000;2;9464039814;B
20240125;102054;6796.000000000;7;9464039815;B
20240125;102054;6796.500000000;10;9464039833;B
20240125;102059;6796.500000000;7;9464040492;B
20240125;102059;6796.000000000;5;9464040504;S
20240125;102059;6796.500000000;5;9464040584;B
20240125;102101;6796.000000000;1;9464040806;S
20240125;102101;6796.500000000;1;9464040819;B
20240125;102110;6796.500000000;1;9464041908;B
20240125;102115;6796.500000000;1;9464042382;B
20240125;102119;6796.000000000;2;9464042807;S
20240125;102120;6796.500000000;7;9464042974;B
20240125;102130;6796.500000000;9;9464044277;B
20240125;102130;6796.500000000;3;9464044278;B
20240125;102135;6797.000000000;7;9464045087;S
20240125;102136;6797.500000000;5;9464045185;B
20240125;102139;6798.000000000;5;9464045480;S
20240125;102152;6798.500000000;10;9464047276;B
20240125;102156;6798.000000000;40;9464047748;S
20240125;102156;6798.000000000;12;9464047749;S
20240125;102156;6798.000000000;48;9464047750;S
20240125;102159;6798.000000000;15;9464047992;S
20240125;102159;6798.500000000;1;9464048064;B
20240125;102212;6798.000000000;2;9464049644;S
20240125;102212;6798.000000000;1;9464049645;S
20240125;102212;6798.000000000;1;9464049646;S
20240125;102212;6798.000000000;1;9464049647;S
20240125;102212;6798.000000000;1;9464049648;S
20240125;102212;6798.000000000;4;9464049649;S
20240125;102217;6798.000000000;25;9464050301;S
20240125;102219;6798.000000000;5;9464050613;S
20240125;102220;6798.500000000;4;9464050875;B
20240125;102225;6798.500000000;778;9464051664;B
20240125;102231;6798.500000000;138;9464052652;B
20240125;102232;6798.000000000;1;9464052783;S
20240125;102234;6798.500000000;5;9464053127;B
20240125;102235;6798.000000000;12;9464053396;S
20240125;102235;6798.000000000;11;9464053397;S
20240125;102235;6798.500000000;64;9464053400;B
20240125;102235;6799.000000000;2;9464053401;B
20240125;102235;6799.500000000;91;9464053402;B
20240125;102235;6799.500000000;2;9464053403;B
20240125;102235;6799.500000000;2;9464053404;B
20240125;102235;6799.500000000;2;9464053405;B
20240125;102235;6799.500000000;2;9464053406;B
20240125;102235;6799.500000000;2;9464053407;B
20240125;102235;6799.500000000;2;9464053408;B
20240125;102235;6799.500000000;2;9464053409;B
20240125;102235;6799.500000000;2;9464053418;B
20240125;102237;6799.000000000;12;9464053670;S
20240125;102239;6799.000000000;38;9464054033;S
20240125;102239;6799.000000000;50;9464054034;S
20240125;102239;6799.000000000;1;9464054035;S
20240125;102239;6798.500000000;50;9464054036;S
20240125;102239;6798.500000000;10;9464054037;S
20240125;102239;6798.500000000;1;9464054038;S
20240125;102239;6798.000000000;1;9464054039;S
20240125;102239;6798.000000000;3;9464054040;S
20240125;102239;6798.000000000;1;9464054076;S
20240125;102239;6799.000000000;2;9464054115;B
20240125;102242;6799.500000000;10;9464054688;B
20240125;102245;6799.000000000;50;9464055057;S
20240125;102245;6799.000000000;50;9464055058;S
20240125;102245;6799.000000000;36;9464055059;S
20240125;102245;6799.000000000;11;9464055060;S
20240125;102251;6798.500000000;1;9464056106;B
20240125;102259;6798.000000000;1;9464057278;S
20240125;102259;6798.000000000;1;9464057279;S
20240125;102259;6797.000000000;20;9464057280;S
20240125;102259;6798.000000000;10;9464057298;B
20240125;102259;6798.500000000;14;9464057299;B
20240125;102259;6798.500000000;1;9464057300;B
20240125;102259;6798.500000000;50;9464057301;B
20240125;102304;6798.500000000;15;9464058231;S
20240125;102309;6798.500000000;1;9464059025;S
20240125;102310;6798.500000000;1;9464059059;S
20240125;102312;6799.000000000;3;9464059401;B
20240125;102312;6799.000000000;2;9464059473;B
20240125;102314;6799.000000000;5;9464059690;B
20240125;102317;6799.000000000;13;9464060147;B
20240125;102319;6798.500000000;16;9464060327;S
20240125;102319;6799.000000000;10;9464060358;B
20240125;102320;6798.500000000;10;9464060533;S
20240125;102324;6799.000000000;2;9464061155;B
20240125;102325;6799.000000000;3;9464061272;B
20240125;102334;6799.000000000;1;9464062941;B
20240125;102339;6798.500000000;3;9464063640;S
20240125;102341;6798.500000000;35;9464063984;S
20240125;102342;6798.500000000;4;9464064056;S
20240125;102348;6799.000000000;7;9464064974;B
20240125;102348;6799.000000000;1;9464064981;B
20240125;102349;6799.000000000;2;9464065143;B
20240125;102352;6798.500000000;3;9464065511;S
20240125;102354;6798.500000000;5;9464065653;S
20240125;102354;6799.000000000;2;9464065664;B
20240125;102355;6799.000000000;2;9464065708;B
20240125;102356;6799.000000000;4;9464065847;B
20240125;102359;6798.500000000;9;9464066201;S
20240125;102406;6799.000000000;1;9464067402;B
20240125;102408;6798.500000000;507;9464067666;S
20240125;102408;6798.500000000;21;9464067667;S
20240125;102408;6798.500000000;5;9464067668;S
20240125;102408;6798.500000000;1;9464067669;S
20240125;102408;6798.500000000;1;9464067670;S
20240125;102408;6798.500000000;2;9464067671;S
20240125;102408;6798.500000000;1;9464067672;S
20240125;102408;6798.500000000;1;9464067673;S
20240125;102408;6798.500000000;6;9464067674;S
20240125;102408;6798.500000000;1;9464067675;S
20240125;102408;6798.500000000;1;9464067676;S
20240125;102408;6798.500000000;2;9464067677;S
20240125;102408;6796.500000000;1;9464067725;S
20240125;102411;6798.000000000;3;9464068080;B
20240125;102413;6798.000000000;1;9464068400;B
20240125;102416;6797.500000000;36;9464069024;S
20240125;102416;6797.000000000;1;9464069025;S
20240125;102416;6796.000000000;1;9464069026;S
20240125;102416;6796.000000000;3;9464069027;S
20240125;102416;6796.000000000;1;9464069028;S
20240125;102416;6796.000000000;4;9464069029;S
20240125;102419;6796.500000000;11;9464069325;S
20240125;102419;6796.500000000;36;9464069326;S
20240125;102419;6796.000000000;35;9464069327;S
20240125;102426;6797.000000000;10;9464070328;B
20240125;102426;6797.000000000;9;9464070329;B
20240125;102432;6797.000000000;3;9464071172;S
20240125;102437;6797.000000000;1;9464071911;S
20240125;102438;6797.000000000;6;9464071981;S
20240125;102439;6797.000000000;1;9464072084;S
20240125;102439;6797.000000000;3;9464072085;S
20240125;102440;6797.500000000;5;9464072246;B
20240125;102441;6797.500000000;1;9464072455;B
20240125;102443;6797.500000000;30;9464072709;B
20240125;102456;6797.000000000;1;9464074987;S
20240125;102457;6797.000000000;2;9464075331;S
20240125;102457;6797.000000000;1;9464075332;S
20240125;102457;6797.000000000;1;9464075333;S
20240125;102457;6797.000000000;1;9464075334;S
20240125;102457;6796.500000000;11;9464075335;S
20240125;102457;6796.500000000;3;9464075336;S
20240125;102457;6796.000000000;11;9464075337;S
20240125;102457;6796.000000000;17;9464075338;S
20240125;102457;6796.000000000;1;9464075339;S
20240125;102457;6795.500000000;11;9464075340;S
20240125;102457;6795.500000000;18;9464075342;B
20240125;102459;6796.000000000;16;9464075575;S
20240125;102459;6797.500000000;14;9464075579;B
20240125;102459;6797.500000000;26;9464075580;B
20240125;102459;6797.500000000;6;9464075581;B
20240125;102459;6797.500000000;4;9464075582;B
20240125;102501;6797.000000000;1;9464075970;B
20240125;102508;6795.000000000;5;9464077209;S
20240125;102508;6795.000000000;1;9464077210;S
20240125;102508;6794.500000000;1;9464077211;S
20240125;102510;6795.000000000;7;9464077539;B
20240125;102516;6795.000000000;1;9464078506;B
20240125;102516;6794.500000000;3;9464078540;S
20240125;102522;6794.500000000;33;9464079354;S
20240125;102522;6794.500000000;5;9464079355;S
20240125;102522;6794.500000000;1;9464079356;S
20240125;102524;6794.500000000;2;9464079804;B
20240125;102527;6794.500000000;4;9464080379;B
20240125;102540;6794.000000000;1;9464082371;S
20240125;102542;6794.500000000;1;9464082594;B
20240125;102545;6794.000000000;1;9464082950;S
20240125;102546;6794.500000000;1;9464083120;B
20240125;102552;6794.500000000;1;9464083912;B
20240125;102553;6794.000000000;4;9464084089;S
20240125;102556;6794.000000000;2;9464084425;S
20240125;102556;6794.000000000;1;9464084426;S
20240125;102556;6794.000000000;9;9464084427;S
20240125;102600;6794.500000000;1;9464085106;B
20240125;102604;6794.500000000;1;9464085596;B
20240125;102609;6794.500000000;1;9464086281;B
20240125;102609;6794.500000000;1;9464086291;B
20240125;102616;6794.500000000;5;9464087182;B
20240125;102621;6794.000000000;26;9464087958;S
20240125;102621;6794.000000000;7;9464087959;S
20240125;102621;6794.000000000;33;9464087960;S
20240125;102629;6794.500000000;3;9464089041;B
20240125;102640;6794.000000000;1;9464090516;B
20240125;102643;6794.000000000;2;9464091105;B
20240125;102643;6794.500000000;3;9464091106;B
20240125;102649;6793.500000000;1;9464092105;S
20240125;102649;6793.500000000;9;9464092106;S
20240125;102649;6793.500000000;1;9464092121;S
20240125;102651;6794.000000000;1;9464092404;S
20240125;102651;6793.500000000;2;9464092405;S
20240125;102652;6793.500000000;14;9464092572;B
20240125;102657;6794.500000000;90;9464093253;B
20240125;102659;6794.500000000;10;9464093501;S
20240125;102659;6794.500000000;19;9464093502;S
20240125;102659;6794.500000000;5;9464093608;B
20240125;102703;6794.500000000;1;9464094222;B
20240125;102705;6794.500000000;35;9464094572;B
20240125;102705;6795.000000000;20;9464094573;B
20240125;102705;6795.000000000;2;9464094574;B
20240125;102705;6797.500000000;2;9464094585;B
20240125;102719;6796.500000000;50;9464096333;S
20240125;102719;6795.500000000;8;9464096334;S
20240125;102722;6796.000000000;2;9464096816;S
20240125;102723;6797.500000000;8;9464096971;B
20240125;102723;6797.500000000;42;9464096972;B
20240125;102723;6797.500000000;8;9464096973;B
20240125;102723;6798.000000000;1;9464096974;B
20240125;102723;6798.000000000;1;9464096975;B
20240125;102723;6797.500000000;10;9464096976;S
20240125;102723;6797.500000000;30;9464096977;S
20240125;102733;6796.000000000;2;9464098593;S
20240125;102733;6796.000000000;1;9464098665;S
20240125;102735;6797.500000000;1;9464098896;B
20240125;102739;6796.000000000;7;9464099437;S
20240125;102739;6796.000000000;8;9464099438;S
20240125;102757;6795.000000000;1;9464101958;S
20240125;102757;6795.000000000;45;9464101959;S
20240125;102757;6795.000000000;4;9464101960;S
20240125;102757;6795.000000000;1;9464102017;S
20240125;102758;6795.000000000;1;9464102066;B
20240125;102759;6794.500000000;28;9464102166;S
20240125;102801;6795.000000000;8;9464102385;B
20240125;102801;6796.000000000;7;9464102386;B
20240125;102808;6795.500000000;2;9464103293;B
20240125;102817;6795.500000000;10;9464104628;B
20240125;102819;6795.000000000;1;9464104835;S
20240125;102819;6795.000000000;1;9464104836;S
20240125;102819;6795.000000000;1;9464104837;S
20240125;102825;6794.500000000;3;9464105674;S
20240125;102825;6794.500000000;10;9464105675;S
20240125;102826;6795.000000000;1;9464105752;B
20240125;102837;6795.000000000;1;9464107230;B
20240125;102846;6795.500000000;1;9464108238;B
20240125;102857;6794.500000000;1;9464109677;S
20240125;102903;6794.500000000;1;9464110504;S
20240125;102904;6795.000000000;1;9464110730;B
20240125;102908;6795.000000000;1;9464111226;B
20240125;102911;6794.500000000;1;9464111704;S
20240125;102911;6794.000000000;21;9464111705;S
20240125;102911;6794.000000000;1;9464111706;S
20240125;102911;6794.000000000;7;9464111707;S
20240125;102911;6794.000000000;5;9464111708;S
20240125;102911;6793.000000000;53;9464111709;S
20240125;102911;6793.000000000;40;9464111710;S
20240125;102911;6793.000000000;2;9464111711;S
20240125;102911;6793.000000000;3;9464111712;S
20240125;102911;6793.000000000;10;9464111713;S
20240125;102911;6792.500000000;1;9464111718;B
20240125;102911;6792.500000000;1;9464111725;B
20240125;102911;6792.500000000;1;9464111728;B
20240125;102911;6792.500000000;1;9464111738;B
20240125;102912;6792.500000000;1;9464111747;B
20240125;102912;6792.500000000;1;9464111756;B
20240125;102912;6792.500000000;1;9464111779;B
20240125;102912;6792.500000000;1;9464111819;B
20240125;102912;6792.500000000;1;9464111836;B
20240125;102912;6792.500000000;1;9464111855;B
20240125;102915;6792.500000000;1;9464112196;B
20240125;102915;6792.500000000;10;9464112230;B
20240125;102921;6792.000000000;2;9464112945;S
20240125;102921;6792.000000000;6;9464112946;S
20240125;102921;6792.000000000;10;9464112947;S
20240125;102921;6792.000000000;45;9464112948;S
20240125;102921;6791.500000000;1;9464112949;S
20240125;102921;6791.500000000;70;9464112950;S
20240125;102921;6791.000000000;1;9464112951;S
20240125;102921;6791.000000000;1;9464112952;S
20240125;102921;6791.000000000;36;9464112953;S
20240125;102921;6791.000000000;15;9464112954;S
20240125;102921;6790.500000000;41;9464112955;S
20240125;102921;6790.000000000;1;9464112956;S
20240125;102921;6790.000000000;20;9464112957;S
20240125;102921;6790.000000000;7;9464112958;S
20240125;102921;6790.000000000;1;9464112959;S
20240125;102921;6790.000000000;1;9464112960;S
20240125;102921;6790.000000000;1;9464112961;S
20240125;102921;6790.000000000;1;9464112962;S
20240125;102921;6790.000000000;1;9464112963;S
20240125;102921;6790.000000000;2;9464112964;S
20240125;102921;6790.000000000;1;9464112965;S
20240125;102921;6790.000000000;3;9464112966;S
20240125;102921;6790.000000000;1;9464112967;S
20240125;102921;6790.000000000;2;9464112968;S
20240125;102921;6790.000000000;2;9464112969;S
20240125;102921;6790.000000000;1;9464112970;S
20240125;102921;6790.000000000;1;9464112971;S
20240125;102921;6790.000000000;60;9464112972;S
20240125;102921;6790.000000000;23;9464112973;S
20240125;102923;6792.500000000;50;9464113305;B
20240125;102923;6794.000000000;10;9464113306;B
20240125;102923;6795.000000000;11;9464113307;B
20240125;102923;6795.000000000;20;9464113308;B
20240125;102933;6794.000000000;10;9464115061;B
20240125;102933;6794.500000000;10;9464115062;B
20240125;102937;6794.000000000;1;9464115823;B
20240125;102939;6793.000000000;15;9464116063;S
20240125;102943;6791.500000000;1;9464116852;S
20240125;102943;6793.000000000;6;9464116919;B
20240125;102951;6792.000000000;1;9464118322;S
20240125;102951;6791.500000000;10;9464118323;S
20240125;102951;6791.000000000;1;9464118324;S
20240125;102959;6790.500000000;16;9464119850;S
20240125;103008;6792.000000000;2;9464121528;B
20240125;103009;6792.000000000;1;9464121696;B
20240125;103011;6792.000000000;47;9464121983;B
20240125;103019;6792.500000000;10;9464123222;S
20240125;103019;6792.500000000;2;9464123223;B
20240125;103030;6794.500000000;1;9464124920;B
20240125;103030;6793.000000000;6;9464124924;S
20240125;103038;6794.000000000;3;9464126204;S
20240125;103038;6793.000000000;7;9464126205;S
20240125;103039;6793.000000000;3;9464126270;S
20240125;103049;6794.500000000;10;9464128003;B
20240125;103049;6795.000000000;5;9464128004;B
20240125;103049;6795.000000000;5;9464128005;B
20240125;103052;6793.500000000;50;9464128300;S
20240125;103052;6793.000000000;50;9464128301;S
20240125;103059;6792.500000000;1;9464129139;S
20240125;103105;6792.500000000;1;9464130070;B
20240125;103106;6792.000000000;10;9464130131;S
20240125;103106;6792.000000000;11;9464130132;S
20240125;103106;6792.500000000;4;9464130208;B
20240125;103106;6792.500000000;3;9464130214;B
20240125;103115;6793.000000000;2;9464131610;B
20240125;103115;6793.000000000;3;9464131611;B
20240125;103116;6792.500000000;50;9464131766;S
20240125;103116;6792.000000000;10;9464131767;S
20240125;103116;6791.500000000;50;9464131768;S
20240125;103116;6791.000000000;40;9464131769;S
20240125;103119;6792.000000000;10;9464132156;S
20240125;103119;6792.000000000;13;9464132157;B
20240125;103124;6792.500000000;2;9464133112;S
20240125;103130;6792.500000000;1;9464134083;S
20240125;103131;6792.500000000;1;9464134338;S
20240125;103139;6792.000000000;3;9464135715;S
20240125;103141;6792.000000000;1;9464135999;S
20240125;103142;6793.000000000;1;9464136108;B
20240125;103203;6793.000000000;2;9464138935;B
20240125;103203;6793.000000000;5;9464138936;B
20240125;103203;6793.000000000;1;9464138937;B
20240125;103212;6793.500000000;10;9464140249;S
20240125;103219;6793.000000000;2;9464141048;S
20240125;103219;6794.500000000;1;9464141100;B
20240125;103225;6793.000000000;4;9464142050;S
20240125;103225;6793.000000000;50;9464142051;S
20240125;103225;6793.000000000;2;9464142052;S
20240125;103225;6792.500000000;10;9464142053;S
20240125;103225;6791.500000000;5;9464142054;S
20240125;103227;6794.500000000;1;9464142274;B
20240125;103237;6793.500000000;1;9464143900;B
20240125;103238;6792.000000000;2;9464144019;S
20240125;103238;6792.000000000;8;9464144020;S
20240125;103239;6792.000000000;3;9464144104;S
20240125;103240;6791.500000000;1;9464144257;S
20240125;103247;6792.000000000;3;9464145200;B
20240125;103252;6792.000000000;1;9464146118;B
20240125;103259;6791.500000000;1;9464147355;S
20240125;103259;6792.500000000;1;9464147456;B
20240125;103300;6792.000000000;1;9464147522;S
20240125;103300;6791.500000000;3;9464147523;S
20240125;103302;6793.000000000;2;9464147841;B
20240125;103302;6793.000000000;1;9464147914;B
20240125;103304;6793.000000000;1;9464148298;B
20240125;103307;6794.000000000;1;9464149345;B
20240125;103309;6794.500000000;3;9464149837;B
20240125;103316;6794.000000000;1;9464151016;S
20240125;103319;6793.500000000;3;9464151349;S
20240125;103321;6793.000000000;1;9464151716;S
20240125;103321;6793.000000000;1;9464151717;S
20240125;103325;6793.000000000;1;9464152966;S
20240125;103327;6794.000000000;1;9464153678;B
20240125;103328;6793.500000000;15;9464154004;S
20240125;103334;6792.500000000;4;9464155246;S
20240125;103339;6792.500000000;2;9464155827;S
20240125;103341;6792.500000000;1;9464156165;S
20240125;103346;6794.000000000;3;9464156966;B
20240125;103346;6794.000000000;2;9464157006;B
20240125;103350;6794.000000000;1;9464157429;B
20240125;103355;6793.500000000;7;9464158028;S
20240125;103355;6794.000000000;1;9464158072;B
20240125;103356;6793.500000000;43;9464158221;S
20240125;103356;6793.500000000;7;9464158222;S
20240125;103358;6794.000000000;2;9464158470;B
20240125;103359;6792.500000000;5;9464158547;S
20240125;103404;6792.500000000;42;9464159346;S
20240125;103404;6792.500000000;13;9464159347;S
20240125;103410;6793.500000000;2;9464160129;B
20240125;103413;6794.000000000;1;9464160502;B
20240125;103419;6792.000000000;1;9464161955;S
20240125;103419;6792.000000000;4;9464161956;S
20240125;103419;6791.500000000;6;9464161969;S
20240125;103419;6791.500000000;14;9464161970;S
20240125;103419;6791.000000000;50;9464161971;S
20240125;103419;6791.000000000;42;9464161972;S
20240125;103419;6791.000000000;10;9464161973;S
20240125;103419;6790.500000000;54;9464161974;S
20240125;103419;6790.500000000;24;9464161975;S
20240125;103431;6792.000000000;1;9464164297;B
20240125;103436;6792.000000000;19;9464165011;B
20240125;103439;6793.000000000;45;9464165532;S
20240125;103440;6792.000000000;5;9464165735;S
20240125;103440;6793.000000000;1;9464165814;B
20240125;103441;6793.000000000;1;9464165889;B
20240125;103444;6792.500000000;1;9464166483;S
20240125;103448;6793.000000000;1;9464166908;B
20240125;103448;6793.000000000;1;9464166925;B
20240125;103448;6792.500000000;6;9464167207;S
20240125;103449;6793.000000000;8;9464167525;B
20240125;103456;6793.500000000;1;9464168834;S
20240125;103456;6793.500000000;1;9464168842;S
20240125;103456;6793.500000000;1;9464168854;S
20240125;103456;6793.500000000;1;9464168870;S
20240125;103456;6793.500000000;1;9464168877;S
20240125;103456;6793.500000000;1;9464168878;S
20240125;103456;6793.500000000;1;9464168886;S
20240125;103456;6793.500000000;1;9464168913;S
20240125;103456;6793.500000000;1;9464168917;S
20240125;103456;6793.500000000;1;9464168918;S
20240125;103457;6793.500000000;1;9464168925;S
20240125;103457;6793.000000000;1;9464168955;S
20240125;103457;6793.000000000;1;9464168957;S
20240125;103457;6793.000000000;1;9464168966;S
20240125;103457;6793.000000000;1;9464168979;S
20240125;103457;6793.000000000;1;9464168992;S
20240125;103457;6793.000000000;1;9464169010;S
20240125;103457;6792.500000000;1;9464169031;S
20240125;103457;6792.500000000;1;9464169048;S
20240125;103457;6792.500000000;1;9464169049;S
20240125;103457;6792.500000000;1;9464169055;S
20240125;103458;6792.500000000;1;9464169063;S
20240125;103458;6792.500000000;1;9464169080;S
20240125;103458;6792.500000000;1;9464169109;S
20240125;103458;6792.500000000;1;9464169115;S
20240125;103458;6792.500000000;1;9464169117;S
20240125;103458;6792.500000000;1;9464169125;S
20240125;103458;6792.500000000;1;9464169132;S
20240125;103458;6792.500000000;1;9464169135;B
20240125;103458;6793.000000000;4;9464169136;B
20240125;103459;6792.000000000;1;9464169235;S
20240125;103505;6791.000000000;5;9464170275;S
20240125;103506;6790.500000000;1;9464170443;S
20240125;103507;6790.500000000;1;9464170692;S
20240125;103514;6790.500000000;50;9464172502;S
20240125;103514;6790.500000000;7;9464172503;S
20240125;103514;6790.000000000;1;9464172504;S
20240125;103514;6790.000000000;10;9464172505;S
20240125;103514;6790.000000000;5;9464172506;S
20240125;103514;6790.000000000;1;9464172507;S
20240125;103514;6790.000000000;1;9464172508;S
20240125;103514;6790.000000000;2;9464172509;S
20240125;103514;6790.000000000;2;9464172510;S
20240125;103514;6790.000000000;50;9464172511;S
20240125;103514;6790.000000000;20;9464172512;S
20240125;103514;6790.000000000;1;9464172513;S
20240125;103514;6790.000000000;2;9464172514;S
20240125;103514;6790.000000000;1;9464172515;S
20240125;103514;6790.000000000;1;9464172516;S
20240125;103514;6790.000000000;1;9464172517;S
20240125;103514;6790.000000000;1;9464172518;S
20240125;103514;6790.000000000;1;9464172519;S
20240125;103514;6790.000000000;1;9464172520;S
20240125;103514;6790.000000000;1;9464172521;S
20240125;103514;6790.000000000;2;9464172522;S
20240125;103514;6790.000000000;2;9464172523;S
20240125;103514;6790.000000000;2;9464172524;S
20240125;103514;6790.000000000;2;9464172525;S
20240125;103514;6790.000000000;2;9464172526;S
20240125;103514;6790.000000000;11;9464172527;S
20240125;103514;6790.000000000;4;9464172528;S
20240125;103514;6790.000000000;5;9464172529;S
20240125;103514;6790.000000000;20;9464172530;S
20240125;103514;6790.000000000;40;9464172531;S
20240125;103514;6790.000000000;3;9464172532;S
20240125;103514;6790.000000000;10;9464172533;S
20240125;103514;6789.500000000;10;9464172534;S
20240125;103514;6789.500000000;1;9464172535;S
20240125;103514;6789.500000000;1;9464172536;S
20240125;103514;6789.500000000;20;9464172537;S
20240125;103514;6789.500000000;11;9464172538;S
20240125;103514;6789.500000000;15;9464172539;S
20240125;103514;6789.000000000;5;9464172540;S
20240125;103514;6789.000000000;1;9464172541;S
20240125;103514;6789.000000000;50;9464172542;S
20240125;103514;6789.000000000;50;9464172543;S
20240125;103514;6789.000000000;10;9464172544;S
20240125;103514;6789.000000000;1;9464172545;S
20240125;103514;6789.000000000;13;9464172546;S
20240125;103514;6790.500000000;10;9464172547;B
20240125;103514;6790.500000000;10;9464172548;B
20240125;103514;6790.500000000;40;9464172549;B
20240125;103515;6789.000000000;1;9464172745;S
20240125;103515;6788.000000000;2;9464172777;S
20240125;103515;6788.000000000;1;9464172778;S
20240125;103515;6788.000000000;1;9464172779;S
20240125;103515;6788.000000000;1;9464172780;S
20240125;103515;6788.000000000;1;9464172781;S
20240125;103515;6788.500000000;1;9464172790;B
20240125;103519;6788.000000000;1;9464173471;S
20240125;103519;6788.000000000;2;9464173472;S
20240125;103519;6787.500000000;1;9464173621;S
20240125;103523;6788.000000000;6;9464174383;B
20240125;103524;6787.500000000;2;9464174583;S
20240125;103524;6787.500000000;1;9464174584;S
20240125;103524;6787.500000000;1;9464174585;S
20240125;103524;6787.500000000;1;9464174586;S
20240125;103524;6787.500000000;50;9464174587;S
20240125;103524;6787.500000000;39;9464174588;S
20240125;103524;6787.500000000;10;9464174589;S
20240125;103524;6787.000000000;9;9464174590;S
20240125;103524;6787.000000000;11;9464174591;S
20240125;103524;6787.000000000;36;9464174592;S
20240125;103524;6786.500000000;49;9464174593;S
20240125;103524;6786.500000000;2;9464174594;S
20240125;103524;6786.500000000;2;9464174595;S
20240125;103525;6786.500000000;2;9464174702;S
20240125;103526;6788.000000000;1;9464174814;B
20240125;103529;6786.500000000;74;9464175103;S
20240125;103529;6786.500000000;3;9464175221;S
20240125;103531;6786.500000000;1;9464175439;S
20240125;103535;6788.000000000;1;9464176042;B
20240125;103535;6788.000000000;37;9464176043;B
20240125;103539;6787.500000000;38;9464176665;S
20240125;103539;6787.500000000;4;9464176666;B
20240125;103542;6788.000000000;3;9464177207;S
20240125;103542;6786.500000000;17;9464177208;S
20240125;103543;6786.500000000;1;9464177434;S
20240125;103546;6786.500000000;1;9464177881;S
20240125;103546;6786.000000000;2;9464177906;S
20240125;103546;6786.000000000;20;9464177907;S
20240125;103546;6786.000000000;2;9464177908;S
20240125;103546;6786.000000000;3;9464177909;S
20240125;103546;6786.000000000;40;9464177910;S
20240125;103546;6786.000000000;1;9464177911;S
20240125;103546;6786.000000000;1;9464177912;S
20240125;103546;6786.000000000;36;9464177913;S
20240125;103546;6786.000000000;11;9464177914;S
20240125;103546;6786.000000000;40;9464177915;B
20240125;103547;6785.500000000;1;9464178317;S
20240125;103547;6785.000000000;29;9464178318;S
20240125;103548;6785.500000000;1;9464178428;B
20240125;103559;6785.000000000;26;9464180197;S
20240125;103600;6785.000000000;6;9464180418;S
20240125;103602;6785.500000000;2;9464180971;B
20240125;103603;6785.500000000;7;9464181112;B
20240125;103603;6785.500000000;22;9464181113;B
20240125;103605;6785.000000000;10;9464181309;S
20240125;103605;6785.000000000;29;9464181351;S
20240125;103605;6785.000000000;1;9464181352;S
20240125;103606;6785.000000000;2;9464181541;S
20240125;103611;6785.500000000;1;9464182389;B
20240125;103615;6785.500000000;1;9464183168;B
20240125;103619;6785.000000000;12;9464183791;S
20240125;103619;6785.000000000;6;9464183961;S
20240125;103619;6785.000000000;1;9464183962;S
20240125;103619;6785.000000000;1;9464183963;S
20240125;103619;6785.000000000;2;9464183964;S
20240125;103619;6785.000000000;1;9464183965;S
20240125;103619;6785.000000000;1;9464183966;S
20240125;103619;6785.000000000;3;9464183967;S
20240125;103619;6785.000000000;1;9464183968;S
20240125;103619;6785.000000000;10;9464183969;S
20240125;103619;6785.000000000;9;9464183970;S
20240125;103619;6784.000000000;1;9464183971;S
20240125;103619;6784.000000000;1;9464183972;S
20240125;103619;6784.000000000;1;9464183973;S
20240125;103619;6784.000000000;11;9464183974;S
20240125;103619;6784.000000000;1;9464183975;S
20240125;103619;6784.000000000;1;9464183976;S
20240125;103619;6783.500000000;2;9464183977;S
20240125;103619;6783.500000000;47;9464183978;S
20240125;103620;6784.000000000;15;9464184242;S
20240125;103626;6784.000000000;5;9464185190;S
20240125;103632;6784.000000000;9;9464186740;B
20240125;103634;6783.500000000;50;9464187271;S
20240125;103639;6783.500000000;22;9464188221;S
20240125;103639;6784.000000000;1;9464188460;B
20240125;103645;6785.000000000;1;9464189833;B
20240125;103645;6785.000000000;2;9464189834;B
20240125;103646;6784.500000000;1;9464190185;B
20240125;103648;6784.000000000;25;9464190778;S
20240125;103650;6784.000000000;1;9464191050;S
20240125;103655;6783.500000000;81;9464192119;S
20240125;103655;6783.500000000;1;9464192120;S
20240125;103655;6783.500000000;50;9464192121;S
20240125;103655;6783.000000000;10;9464192122;S
20240125;103655;6783.000000000;20;9464192123;S
20240125;103655;6783.000000000;1;9464192124;S
20240125;103655;6783.000000000;1;9464192125;S
20240125;103655;6783.000000000;1;9464192126;S
20240125;103655;6783.000000000;10;9464192127;S
20240125;103655;6783.000000000;50;9464192128;S
20240125;103655;6782.500000000;75;9464192129;S
20240125;103659;6782.500000000;38;9464192814;S
20240125;103700;6783.500000000;5;9464193026;B
20240125;103702;6782.500000000;15;9464193577;S
20240125;103703;6782.500000000;13;9464193855;S
20240125;103704;6782.500000000;59;9464194022;S
20240125;103704;6782.500000000;5;9464194023;S
20240125;103704;6782.500000000;2;9464194024;S
20240125;103704;6782.500000000;1;9464194025;S
20240125;103704;6782.500000000;33;9464194026;S
20240125;103704;6783.000000000;10;9464194139;S
20240125;103704;6783.000000000;21;9464194189;S
20240125;103706;6782.500000000;17;9464194483;S
20240125;103706;6782.500000000;48;9464194484;S
20240125;103708;6783.000000000;2;9464194786;S
20240125;103708;6782.500000000;8;9464194787;S
20240125;103709;6783.000000000;10;9464195264;B
20240125;103710;6783.000000000;1;9464195310;S
20240125;103710;6784.000000000;1;9464195449;B
20240125;103711;6783.000000000;6;9464195557;S
20240125;103715;6783.000000000;23;9464196316;S
20240125;103715;6783.000000000;2;9464196317;S
20240125;103715;6783.000000000;1;9464196318;S
20240125;103715;6782.500000000;39;9464196319;S
20240125;103715;6782.000000000;1;9464196320;S
20240125;103715;6782.000000000;7;9464196321;S
20240125;103718;6782.000000000;19;9464197075;S
20240125;103718;6782.000000000;1;9464197076;S
20240125;103718;6782.000000000;27;9464197077;S
20240125;103718;6782.000000000;3;9464197078;S
20240125;103719;6782.000000000;8;9464197265;S
20240125;103722;6782.000000000;1;9464197993;B
20240125;103722;6782.000000000;12;9464198101;B
20240125;103724;6782.000000000;1;9464198609;B
20240125;103724;6782.000000000;2;9464198617;B
20240125;103724;6781.500000000;1;9464198618;S
20240125;103724;6781.500000000;1;9464198619;S
20240125;103724;6781.500000000;39;9464198620;S
20240125;103724;6781.500000000;11;9464198621;S
20240125;103724;6781.500000000;10;9464198622;S
20240125;103724;6781.500000000;50;9464198623;S
20240125;103724;6781.000000000;1;9464198624;S
20240125;103724;6781.000000000;1;9464198625;S
20240125;103724;6781.000000000;1;9464198626;S
20240125;103724;6781.000000000;1;9464198627;S
20240125;103724;6781.000000000;75;9464198628;S
20240125;103724;6781.000000000;2;9464198629;S
20240125;103724;6781.000000000;50;9464198630;S
20240125;103724;6781.000000000;11;9464198631;S
20240125;103724;6781.000000000;15;9464198632;S
20240125;103724;6780.500000000;8;9464198633;S
20240125;103724;6780.500000000;2;9464198634;S
20240125;103724;6780.500000000;1;9464198635;S
20240125;103724;6780.500000000;250;9464198636;S
20240125;103725;6781.000000000;11;9464198689;S
20240125;103725;6781.000000000;47;9464198690;S
20240125;103726;6782.000000000;1;9464198858;B
20240125;103726;6782.000000000;1;9464198864;B
20240125;103726;6781.000000000;49;9464198973;S
20240125;103729;6782.000000000;4;9464199477;B
20240125;103730;6781.500000000;2;9464199662;S
20240125;103731;6782.000000000;17;9464199909;B
20240125;103731;6782.000000000;10;9464199910;B
20240125;103731;6782.500000000;3;9464199911;B
20240125;103735;6783.000000000;10;9464200615;B
20240125;103735;6783.500000000;2;9464200616;B
20240125;103738;6782.000000000;1;9464201246;S
20240125;103738;6781.500000000;2;9464201247;S
20240125;103738;6781.000000000;1;9464201248;S
20240125;103742;6781.000000000;1;9464201968;S
20240125;103742;6781.000000000;1;9464201969;S
20240125;103742;6781.000000000;2;9464201970;S
20240125;103742;6780.500000000;2;9464201971;S
20240125;103745;6781.500000000;1;9464202374;B
20240125;103757;6782.000000000;1;9464204170;B
20240125;103757;6781.500000000;4;9464204175;S
20240125;103757;6781.500000000;45;9464204176;S
20240125;103757;6781.500000000;5;9464204177;S
20240125;103757;6781.500000000;3;9464204178;S
20240125;103757;6781.000000000;50;9464204179;S
20240125;103757;6781.000000000;15;9464204180;S
20240125;103757;6781.000000000;27;9464204181;S
20240125;103757;6780.500000000;69;9464204182;S
20240125;103757;6781.500000000;1;9464204258;B
20240125;103758;6781.500000000;15;9464204310;B
20240125;103759;6781.500000000;60;9464204601;S
20240125;103759;6781.500000000;10;9464204602;S
20240125;103759;6781.500000000;46;9464204603;S
20240125;103800;6782.000000000;8;9464205004;B
20240125;103800;6782.000000000;2;9464205005;B
20240125;103804;6782.000000000;5;9464205794;B
20240125;103805;6782.000000000;3;9464205993;B
20240125;103805;6782.000000000;7;9464205994;B
20240125;103809;6781.500000000;3;9464206972;B
20240125;103811;6781.000000000;2;9464207919;S
20240125;103818;6781.000000000;6;9464209744;S
20240125;103818;6781.000000000;1;9464209745;S
20240125;103818;6780.500000000;179;9464209746;S
20240125;103818;6780.500000000;14;9464209747;S
20240125;103819;6780.500000000;39;9464209830;S
20240125;103819;6781.000000000;2;9464209831;B
20240125;103819;6780.500000000;47;9464209891;S
20240125;103819;6780.500000000;1;9464209892;S
20240125;103819;6780.500000000;1;9464209893;S
20240125;103819;6780.500000000;1;9464209894;S
20240125;103819;6780.500000000;1;9464209895;S
20240125;103819;6780.500000000;1;9464209896;S
20240125;103819;6780.500000000;55;9464209897;S
20240125;103819;6780.500000000;29;9464209900;S
20240125;103819;6781.000000000;1;9464209912;B
20240125;103826;6780.500000000;1;9464211342;S
20240125;103829;6781.000000000;8;9464212233;B
20240125;103830;6780.500000000;1955;9464212626;S
20240125;103830;6780.500000000;1;9464212627;S
20240125;103831;6780.500000000;50;9464212775;S
20240125;103833;6780.500000000;10;9464213122;S
20240125;103834;6780.500000000;340;9464213249;S
20240125;103839;6780.500000000;298;9464214019;S
20240125;103839;6780.500000000;100;9464214134;S
20240125;103841;6781.000000000;3;9464214360;B
20240125;103852;6780.500000000;15;9464216730;S
20240125;103853;6781.000000000;10;9464216837;B
20240125;103853;6781.000000000;1;9464216838;B
20240125;103853;6781.000000000;11;9464216839;B
20240125;103853;6780.500000000;15;9464216845;S
20240125;103858;6780.500000000;1;9464218045;S
20240125;103859;6780.500000000;53;9464218131;S
20240125;103905;6781.000000000;4;9464219079;B
20240125;103905;6780.500000000;30;9464219182;S
20240125;103910;6781.000000000;1;9464220949;B
20240125;103912;6780.500000000;140;9464221317;S
20240125;103912;6780.500000000;4;9464221318;S
20240125;103912;6780.500000000;1;9464221319;S
20240125;103912;6780.500000000;4;9464221320;S
20240125;103912;6780.500000000;1;9464221321;S
20240125;103913;6781.000000000;1;9464221450;B
20240125;103918;6781.000000000;1;9464222469;B
20240125;103919;6780.500000000;28;9464222523;S
20240125;103922;6781.000000000;5;9464223243;B
20240125;103922;6780.500000000;16;9464223252;S
20240125;103926;6781.000000000;1;9464224020;B
20240125;103931;6781.000000000;50;9464225428;B
20240125;103932;6780.500000000;10;9464225936;S
20240125;103935;6780.500000000;2;9464226664;S
20240125;103935;6780.500000000;43;9464226738;S
20240125;103936;6780.500000000;2;9464226947;S
20240125;103937;6781.000000000;1;9464226987;B
20240125;103937;6780.500000000;7;9464227035;S
20240125;103939;6780.500000000;19;9464227280;S
20240125;103940;6781.000000000;1;9464227471;B
20240125;103943;6780.500000000;10;9464228148;S
20240125;103949;6780.500000000;64;9464229248;S
20240125;103952;6780.500000000;5;9464229975;S
20240125;103953;6780.500000000;20;9464230215;S
20240125;103953;6780.500000000;28;9464230279;S
20240125;103959;6780.500000000;17;9464231121;S
20240125;103959;6781.000000000;3;9464231129;B
20240125;104001;6781.000000000;15;9464231671;B
20240125;104007;6780.500000000;1;9464232722;S
20240125;104007;6780.500000000;1;9464232724;S
20240125;104008;6780.500000000;8;9464232919;S
20240125;104010;6781.000000000;5;9464233419;B
20240125;104011;6781.000000000;1;9464233491;B
20240125;104013;6781.000000000;20;9464234214;B
20240125;104018;6780.500000000;4;9464235333;S
20240125;104018;6781.000000000;5;9464235390;B
20240125;104018;6781.000000000;28;9464235391;B
20240125;104018;6781.000000000;1;9464235392;B
20240125;104018;6781.000000000;16;9464235393;B
20240125;104018;6781.000000000;1;9464235399;B
20240125;104019;6780.500000000;14;9464235501;S
20240125;104019;6780.500000000;18;9464235519;S
20240125;104019;6781.000000000;20;9464235769;B
20240125;104021;6780.500000000;8;9464236024;S
20240125;104024;6780.500000000;8;9464236716;S
20240125;104027;6780.500000000;2;9464237298;S
20240125;104029;6781.000000000;4;9464237768;B
20240125;104033;6781.000000000;1;9464238400;B
20240125;104036;6780.500000000;15;9464238954;S
20240125;104039;6780.500000000;11;9464239501;S
20240125;104040;6780.500000000;1;9464239643;S
20240125;104040;6780.500000000;1;9464239657;S
20240125;104040;6780.500000000;1;9464239662;S
20240125;104040;6780.500000000;1;9464239667;S
20240125;104040;6780.500000000;1;9464239669;S
20240125;104040;6780.500000000;1;9464239670;S
20240125;104040;6780.500000000;1;9464239675;S
20240125;104040;6780.500000000;1;9464239676;S
20240125;104040;6780.500000000;1;9464239677;S
20240125;104040;6780.500000000;1;9464239678;S
20240125;104040;6780.500000000;1;9464239683;S
20240125;104040;6780.500000000;1;9464239684;S
20240125;104040;6780.500000000;1;9464239685;S
20240125;104040;6780.500000000;1;9464239686;S
20240125;104040;6780.500000000;1;9464239687;S
20240125;104040;6780.500000000;1;9464239691;S
20240125;104040;6780.500000000;1;9464239702;S
20240125;104040;6780.500000000;1;9464239709;S
20240125;104040;6780.500000000;1;9464239714;S
20240125;104049;6781.000000000;1;9464241311;B
20240125;104050;6780.500000000;28;9464241515;S
20240125;104050;6780.500000000;1;9464241516;S
20240125;104050;6780.500000000;111;9464241517;S
20240125;104050;6780.500000000;25;9464241518;S
20240125;104050;6780.500000000;5;9464241519;S
20240125;104050;6780.500000000;1;9464241520;S
20240125;104050;6780.500000000;1;9464241521;S
20240125;104050;6780.500000000;5;9464241522;S
20240125;104050;6780.500000000;11;9464241523;S
20240125;104050;6780.500000000;12;9464241524;S
20240125;104053;6780.500000000;30;9464242223;S
20240125;104054;6780.500000000;74;9464242297;S
20240125;104054;6780.500000000;15;9464242298;S
20240125;104054;6780.500000000;14;9464242299;S
20240125;104054;6780.500000000;13;9464242337;S
20240125;104059;6780.500000000;44;9464243132;S
20240125;104059;6780.500000000;100;9464243251;S
20240125;104100;6781.000000000;7;9464243347;B
20240125;104100;6781.000000000;16;9464243348;B
20240125;104100;6781.000000000;27;9464243349;B
20240125;104100;6780.500000000;120;9464243355;S
20240125;104102;6781.000000000;4;9464243840;B
20240125;104108;6780.500000000;50;9464245152;S
20240125;104108;6780.500000000;17;9464245219;S
20240125;104108;6781.000000000;4;9464245304;B
20240125;104110;6780.500000000;2;9464245616;S
20240125;104119;6780.500000000;45;9464247399;S
20240125;104125;6781.000000000;1;9464248742;B
20240125;104126;6781.000000000;1;9464248922;B
20240125;104127;6781.000000000;5;9464249066;B
20240125;104127;6781.000000000;1;9464249084;B
20240125;104133;6780.500000000;3;9464250577;S
20240125;104134;6781.000000000;1;9464250723;B
20240125;104139;6780.500000000;7;9464251618;S
20240125;104140;6781.000000000;4;9464251958;B
20240125;104141;6781.000000000;10;9464252133;B
20240125;104154;6780.500000000;6;9464255826;S
20240125;104155;6780.500000000;2;9464256031;S
20240125;104159;6780.500000000;3;9464256651;S
20240125;104202;6780.500000000;2;9464257230;S
20240125;104203;6780.500000000;3;9464257383;S
20240125;104203;6781.000000000;82;9464257424;B
20240125;104203;6781.000000000;5;9464257425;B
20240125;104203;6781.000000000;20;9464257426;B
20240125;104203;6781.000000000;3;9464257427;B
20240125;104203;6781.000000000;10;9464257428;B
20240125;104208;6780.500000000;69;9464258414;S
20240125;104208;6780.500000000;4;9464258415;S
20240125;104208;6780.500000000;2;9464258416;S
20240125;104208;6780.500000000;1;9464258417;S
20240125;104208;6780.500000000;33;9464258418;S
20240125;104208;6780.500000000;1;9464258419;S
20240125;104208;6780.500000000;4;9464258420;S
20240125;104208;6780.500000000;5;9464258421;S
20240125;104208;6780.500000000;104;9464258422;S
20240125;104208;6780.500000000;15;9464258423;S
20240125;104208;6780.500000000;1;9464258424;S
20240125;104208;6780.500000000;11;9464258425;S
20240125;104208;6780.500000000;45;9464258426;S
20240125;104208;6780.500000000;73;9464258427;S
20240125;104208;6780.500000000;1;9464258428;S
20240125;104208;6780.000000000;1;9464258429;S
20240125;104208;6780.000000000;3;9464258430;S
20240125;104208;6780.000000000;1;9464258431;S
20240125;104208;6780.000000000;1;9464258432;S
20240125;104208;6780.000000000;5;9464258433;S
20240125;104208;6780.000000000;5;9464258434;S
20240125;104208;6780.000000000;20;9464258435;S
20240125;104208;6780.000000000;1;9464258436;S
20240125;104208;6780.000000000;2;9464258437;S
20240125;104208;6780.000000000;1;9464258438;S
20240125;104208;6780.000000000;10;9464258439;S
20240125;104208;6780.000000000;2;9464258440;S
20240125;104208;6780.000000000;100;9464258441;S
20240125;104208;6780.000000000;100;9464258442;S
20240125;104208;6780.000000000;1;9464258443;S
20240125;104208;6780.000000000;4;9464258444;S
20240125;104208;6780.000000000;1;9464258445;S
20240125;104208;6780.000000000;1;9464258446;S
20240125;104208;6780.000000000;1;9464258447;S
20240125;104208;6780.000000000;10;9464258448;S
20240125;104208;6780.000000000;1;9464258449;S
20240125;104208;6780.000000000;1;9464258450;S
20240125;104208;6780.000000000;3;9464258451;S
20240125;104208;6780.000000000;200;9464258452;S
20240125;104208;6780.000000000;50;9464258453;S
20240125;104208;6780.000000000;1;9464258454;S
20240125;104208;6780.000000000;1;9464258455;S
20240125;104208;6780.000000000;1;9464258456;S
20240125;104208;6780.000000000;1;9464258457;S
20240125;104208;6780.000000000;1;9464258458;S
20240125;104208;6780.000000000;1;9464258459;S
20240125;104208;6780.000000000;1;9464258460;S
20240125;104208;6780.000000000;10;9464258461;S
20240125;104208;6780.000000000;2;9464258462;S
20240125;104208;6780.000000000;1;9464258463;S
20240125;104208;6780.000000000;5;9464258464;S
20240125;104208;6780.000000000;1;9464258465;S
20240125;104208;6780.000000000;2;9464258466;S
20240125;104208;6780.000000000;13;9464258467;S
20240125;104208;6780.000000000;1;9464258468;S
20240125;104208;6780.000000000;1;9464258469;S
20240125;104208;6780.000000000;1;9464258470;S
20240125;104208;6780.000000000;1;9464258471;S
20240125;104208;6780.000000000;1;9464258472;S
