<DATE>;<TIME>;<LAST>;<VOL>;<ID>;<OPER>
20240131;095958;7000.000000000;1;9496142090;S
20240131;095958;7000.000000000;2;9496142091;S
20240131;095958;7000.000000000;1;9496142092;S
20240131;095958;7000.000000000;14;9496142093;S
20240131;095958;7000.000000000;10;9496142094;S
20240131;095958;7000.000000000;7;9496142095;S
20240131;095958;7000.000000000;1;9496142096;S
20240131;095958;7000.000000000;4;9496142097;S
20240131;095958;7000.000000000;1;9496142098;S
20240131;095958;7000.000000000;20;9496142099;S
20240131;095958;7000.000000000;1;9496142100;B
20240131;095958;7000.000000000;6;9496142101;B
20240131;095958;7000.000000000;2;9496142102;B
20240131;095958;7000.000000000;1;9496142103;S
20240131;095958;7000.000000000;1;9496142104;S
20240131;095958;7000.000000000;1;9496142105;S
20240131;095958;7000.000000000;1;9496142106;S
20240131;095958;7000.000000000;1;9496142107;B
20240131;095958;7000.000000000;2;9496142108;B
20240131;095958;7000.000000000;8;9496142109;S
20240131;095958;7000.000000000;13;9496142110;S
20240131;095958;7000.000000000;2;9496142111;S
20240131;095958;7000.000000000;1;9496142112;S
20240131;095958;7000.000000000;2;9496142113;S
20240131;095958;7000.000000000;10;9496142114;S
20240131;095958;7000.000000000;5;9496142115;S
20240131;095958;7000.000000000;12;9496142116;S
20240131;095958;7000.000000000;1;9496142117;S
20240131;095958;7000.000000000;3;9496142118;S
20240131;095958;7000.000000000;1;9496142119;B
20240131;095958;7000.000000000;3;9496142120;B
20240131;095958;7000.000000000;5;9496142121;B
20240131;095958;7000.000000000;1;9496142122;B
20240131;095958;7000.000000000;5;9496142123;B
20240131;095958;7000.000000000;1;9496142124;B
20240131;095958;7000.000000000;2;9496142125;B
20240131;095958;7000.000000000;1;9496142126;B
20240131;095958;7000.000000000;1;9496142127;B
20240131;095958;7000.000000000;1;9496142128;B
20240131;095958;7000.000000000;20;9496142129;B
20240131;095958;7000.000000000;1;9496142130;B
20240131;095958;7000.000000000;1;9496142131;B
20240131;095958;7000.000000000;10;9496142132;B
20240131;095958;7000.000000000;1;9496142133;B
20240131;095958;7000.000000000;1;9496142134;S
20240131;095958;7000.000000000;1;9496142135;B
20240131;095958;7000.000000000;20;9496142136;B
20240131;095958;7000.000000000;1;9496142137;S
20240131;095958;7000.000000000;4;9496142138;S
20240131;095958;7000.000000000;1;9496142139;B
20240131;095958;7000.000000000;14;9496142140;S
20240131;095958;7000.000000000;5;9496142141;S
20240131;095958;7000.000000000;10;9496142142;S
20240131;095958;7000.000000000;5;9496142143;S
20240131;095958;7000.000000000;2;9496142144;S
20240131;095958;7000.000000000;26;9496142145;S
20240131;095958;7000.000000000;1;9496142146;S
20240131;095958;7000.000000000;1;9496142147;S
20240131;095958;7000.000000000;1;9496142148;S
20240131;095958;7000.000000000;99;9496142149;S
20240131;095958;7000.000000000;1;9496142150;S
20240131;095958;7000.000000000;1;9496142151;S
20240131;095958;7000.000000000;1;9496142152;S
20240131;095958;7000.000000000;2;9496142153;S
20240131;095958;7000.000000000;1;9496142154;S
20240131;095958;7000.000000000;10;9496142155;S
20240131;095958;7000.000000000;1;9496142156;S
20240131;095958;7000.000000000;1;9496142157;S
20240131;095958;7000.000000000;1;9496142158;S
20240131;095958;7000.000000000;1;9496142159;S
20240131;095958;7000.000000000;3;9496142160;S
20240131;095958;7000.000000000;1;9496142161;S
20240131;095958;7000.000000000;1;9496142162;S
20240131;095958;7000.000000000;2;9496142163;S
20240131;095958;7000.000000000;9;9496142164;S
20240131;095958;7000.000000000;1;9496142165;B
20240131;095958;7000.000000000;1;9496142166;B
20240131;095958;7000.000000000;4;9496142167;B
20240131;095958;7000.000000000;4;9496142168;B
20240131;095958;7000.000000000;10;9496142169;B
20240131;095958;7000.000000000;2;9496142170;B
20240131;095958;7000.000000000;1;9496142171;B
20240131;095958;7000.000000000;1;9496142172;B
20240131;095958;7000.000000000;44;9496142173;B
20240131;095958;7000.000000000;18;9496142174;S
20240131;095958;7000.000000000;12;9496142175;S
20240131;100000;7001.000000000;4;9496142539;B
20240131;100000;7001.500000000;5;9496142540;B
20240131;100000;7002.000000000;1;9496142541;B
20240131;100000;7002.500000000;1;9496142542;B
20240131;100000;7003.000000000;1;9496142543;B
20240131;100000;7003.000000000;2;9496142544;B
20240131;100000;7003.500000000;2;9496142545;B
20240131;100000;7003.500000000;3;9496142596;S
20240131;100000;7001.500000000;8;9496142597;S
20240131;100000;7001.500000000;11;9496142598;S
20240131;100000;7001.500000000;11;9496142600;S
20240131;100000;7001.500000000;10;9496142622;S
20240131;100000;7004.500000000;3;9496142637;B
20240131;100000;7004.500000000;2;9496142638;B
20240131;100000;7004.500000000;1;9496142639;B
20240131;100000;7004.500000000;2;9496142640;B
20240131;100000;7005.000000000;5;9496142687;B
20240131;100000;7005.000000000;5;9496142688;B
20240131;100000;7005.000000000;5;9496142693;B
20240131;100000;7005.000000000;4;9496142702;B
20240131;100000;7005.500000000;1;9496142703;B
20240131;100000;7005.500000000;1;9496142704;B
20240131;100000;7005.500000000;2;9496142705;B
20240131;100000;7006.500000000;1;9496142706;B
20240131;100000;7006.500000000;10;9496142707;B
20240131;100000;7006.500000000;21;9496142708;B
20240131;100000;7006.500000000;29;9496142716;B
20240131;100000;7006.500000000;1;9496142717;B
20240131;100000;7004.500000000;3;9496142735;S
20240131;100000;7004.500000000;1;9496142758;S
20240131;100000;7004.500000000;1;9496142759;S
20240131;100000;7007.000000000;1;9496142770;B
20240131;100000;7007.000000000;1;9496142771;B
20240131;100000;7007.000000000;2;9496142779;B
20240131;100000;7007.000000000;5;9496142780;B
20240131;100000;7007.000000000;5;9496142863;B
20240131;100000;7005.000000000;10;9496142893;S
20240131;100000;7005.000000000;11;9496142894;S
20240131;100000;7004.500000000;3;9496142895;S
20240131;100000;7004.500000000;11;9496142896;S
20240131;100000;7004.000000000;11;9496142897;S
20240131;100000;7002.000000000;35;9496142898;S
20240131;100000;7001.500000000;6;9496142899;S
20240131;100000;7006.500000000;10;9496142930;B
20240131;100000;7006.500000000;11;9496143124;S
20240131;100000;7006.500000000;3;9496143125;S
20240131;100001;7007.000000000;2;9496143260;B
20240131;100001;7006.500000000;1;9496143364;S
20240131;100001;7006.500000000;1;9496143482;S
20240131;100001;7006.500000000;3;9496143570;S
20240131;100001;7007.000000000;1;9496143578;B
20240131;100001;7006.500000000;3;9496143628;S
20240131;100001;7006.000000000;1;9496143629;S
20240131;100001;7006.500000000;6;9496143705;S
20240131;100001;7006.500000000;5;9496143740;S
20240131;100001;7006.000000000;9;9496143741;S
20240131;100001;7006.000000000;7;9496143742;S
20240131;100001;7006.000000000;4;9496143777;S
20240131;100001;7006.000000000;4;9496143778;S
20240131;100001;7005.500000000;11;9496143779;S
20240131;100001;7005.500000000;1;9496143780;S
20240131;100001;7005.500000000;10;9496143781;S
20240131;100001;7005.000000000;7;9496143782;S
20240131;100001;7004.000000000;5;9496143812;S
20240131;100001;7007.000000000;10;9496143859;B
20240131;100001;7004.000000000;2;9496143958;S
20240131;100001;7006.000000000;10;9496144382;B
20240131;100001;7006.000000000;3;9496144383;B
20240131;100001;7004.500000000;1;9496144484;B
20240131;100001;7004.000000000;4;9496144492;S
20240131;100001;7004.000000000;1;9496144493;S
20240131;100001;7004.500000000;2;9496144530;B
20240131;100001;7006.000000000;1;9496144531;B
20240131;100001;7006.500000000;5;9496144532;B
20240131;100001;7004.000000000;9;9496144538;S
20240131;100001;7004.000000000;1;9496144539;S
20240131;100001;7006.000000000;10;9496144648;B
20240131;100002;7004.000000000;2;9496144774;S
20240131;100002;7004.000000000;2;9496144889;S
20240131;100002;7005.000000000;2;9496144943;B
20240131;100002;7005.000000000;3;9496144946;B
20240131;100002;7006.000000000;27;9496144947;B
20240131;100002;7004.000000000;4;9496145012;S
20240131;100002;7004.000000000;3;9496145104;S
20240131;100003;7005.000000000;1;9496145789;B
20240131;100004;7005.000000000;2;9496146130;B
20240131;100004;7005.000000000;2;9496146136;B
20240131;100004;7004.000000000;4;9496146245;S
20240131;100004;7005.000000000;5;9496146424;B
20240131;100005;7005.000000000;1;9496146784;B
20240131;100005;7004.500000000;1;9496147149;S
20240131;100005;7004.500000000;10;9496147150;S
20240131;100005;7004.000000000;3;9496147151;S
20240131;100005;7003.500000000;2;9496147152;S
20240131;100005;7003.000000000;11;9496147153;S
20240131;100005;7003.000000000;2;9496147154;S
20240131;100005;7003.000000000;16;9496147155;S
20240131;100005;7005.000000000;1;9496147392;B
20240131;100005;7005.000000000;1;9496147550;B
20240131;100005;7005.000000000;2;9496148056;B
20240131;100005;7005.000000000;35;9496148057;B
20240131;100005;7005.500000000;1;9496148058;B
20240131;100006;7006.000000000;2;9496148308;B
20240131;100006;7002.500000000;1;9496148330;S
20240131;100006;7006.000000000;1;9496148332;B
20240131;100006;7006.000000000;1;9496148345;B
20240131;100006;7003.500000000;1;9496148346;S
20240131;100006;7006.000000000;6;9496148617;B
20240131;100006;7006.000000000;1;9496148911;B
20240131;100006;7006.000000000;1;9496149044;B
20240131;100006;7006.000000000;3;9496149455;B
20240131;100006;7006.000000000;1;9496149480;B
20240131;100007;7006.000000000;1;9496149992;B
20240131;100007;7006.000000000;2;9496150024;B
20240131;100008;7006.000000000;4;9496150404;B
20240131;100008;7006.000000000;1;9496150533;B
20240131;100010;7005.000000000;3;9496151088;S
20240131;100010;7005.000000000;7;9496151141;S
20240131;100010;7005.000000000;10;9496151142;S
20240131;100010;7005.000000000;3;9496151143;S
20240131;100010;7003.500000000;11;9496151144;S
20240131;100010;7003.000000000;11;9496151145;S
20240131;100010;7003.000000000;18;9496151146;S
20240131;100010;7005.500000000;1;9496151147;B
20240131;100010;7006.000000000;2;9496151163;B
20240131;100010;7005.500000000;5;9496151237;B
20240131;100010;7005.500000000;2;9496151292;B
20240131;100010;7005.500000000;2;9496151341;B
20240131;100010;7005.500000000;12;9496151395;B
20240131;100010;7005.500000000;1;9496151429;B
20240131;100010;7005.500000000;7;9496151430;B
20240131;100010;7005.500000000;5;9496151460;B
20240131;100010;7005.500000000;1;9496151506;B
20240131;100011;7004.500000000;1;9496151574;B
20240131;100011;7003.500000000;5;9496151741;S
20240131;100011;7004.500000000;2;9496151742;B
20240131;100011;7004.500000000;1;9496151755;B
20240131;100011;7006.000000000;4;9496151756;B
20240131;100011;7006.500000000;1;9496151757;B
20240131;100011;7006.000000000;6;9496151770;B
20240131;100011;7006.500000000;1;9496151928;B
20240131;100012;7006.500000000;2;9496151974;B
20240131;100012;7004.500000000;1;9496152129;S
20240131;100012;7004.500000000;9;9496152131;S
20240131;100012;7004.000000000;3;9496152132;S
20240131;100012;7003.500000000;43;9496152133;S
20240131;100012;7003.500000000;5;9496152134;S
20240131;100012;7004.000000000;10;9496152210;S
20240131;100012;7003.500000000;8;9496152211;S
20240131;100019;7005.000000000;5;9496153738;S
20240131;100019;7005.000000000;3;9496153739;S
20240131;100019;7004.500000000;5;9496153740;S
20240131;100019;7004.000000000;10;9496153741;S
20240131;100019;7003.500000000;43;9496153742;S
20240131;100019;7003.000000000;11;9496153743;S
20240131;100019;7002.500000000;11;9496153744;S
20240131;100019;7002.500000000;47;9496153745;S
20240131;100019;7002.500000000;60;9496153746;S
20240131;100019;7002.500000000;43;9496153747;S
20240131;100019;7002.000000000;112;9496153748;S
20240131;100019;7006.500000000;1;9496153763;B
20240131;100019;7006.500000000;1;9496153840;B
20240131;100019;7007.000000000;69;9496153854;B
20240131;100019;7007.000000000;4;9496153855;B
20240131;100019;7007.000000000;6;9496153856;B
20240131;100019;7007.000000000;1;9496153857;B
20240131;100019;7007.000000000;5;9496153858;B
20240131;100019;7007.000000000;31;9496153859;B
20240131;100020;7006.000000000;1;9496153953;B
20240131;100024;7006.000000000;1;9496154746;B
20240131;100025;7006.000000000;48;9496154929;B
20240131;100025;7007.000000000;16;9496155036;B
20240131;100025;7006.500000000;3;9496155110;S
20240131;100025;7006.000000000;10;9496155111;S
20240131;100025;7005.000000000;50;9496155112;S
20240131;100026;7005.000000000;37;9496155224;B
20240131;100026;7006.500000000;10;9496155381;B
20240131;100026;7006.500000000;10;9496155382;B
20240131;100026;7007.000000000;1;9496155383;B
20240131;100027;7007.000000000;12;9496155586;B
20240131;100027;7007.000000000;1;9496155587;B
20240131;100029;7003.500000000;10;9496156024;S
20240131;100029;7003.000000000;3;9496156025;S
20240131;100029;7002.500000000;7;9496156026;S
20240131;100030;7007.000000000;6;9496156286;B
20240131;100030;7006.500000000;86;9496156380;B
20240131;100030;7007.000000000;1;9496156381;B
20240131;100030;7007.000000000;60;9496156382;B
20240131;100030;7007.500000000;1;9496156383;B
20240131;100030;7007.500000000;16;9496156384;B
20240131;100030;7007.500000000;3;9496156385;B
20240131;100030;7008.000000000;10;9496156386;B
20240131;100030;7008.000000000;14;9496156387;B
20240131;100030;7008.000000000;25;9496156388;B
20240131;100030;7008.000000000;1;9496156389;B
20240131;100030;7008.000000000;1;9496156390;B
20240131;100030;7008.000000000;1;9496156391;B
20240131;100030;7008.000000000;1;9496156392;B
20240131;100030;7008.000000000;15;9496156393;B
20240131;100030;7008.500000000;1;9496156394;B
20240131;100030;7008.500000000;1;9496156395;B
20240131;100030;7008.500000000;2;9496156396;B
20240131;100030;7008.500000000;61;9496156397;B
20240131;100030;7008.000000000;10;9496156398;B
20240131;100030;7008.500000000;8;9496156447;B
20240131;100030;7009.000000000;2;9496156469;B
20240131;100031;7008.500000000;20;9496156520;S
20240131;100031;7008.500000000;1;9496156580;S
20240131;100031;7009.000000000;1;9496156611;B
20240131;100031;7009.000000000;7;9496156620;B
20240131;100031;7009.000000000;8;9496156621;B
20240131;100031;7008.500000000;6;9496156633;S
20240131;100031;7008.500000000;10;9496156634;B
20240131;100031;7009.000000000;2;9496156635;B
20240131;100031;7009.000000000;1;9496156636;B
20240131;100031;7009.000000000;1;9496156637;B
20240131;100031;7009.000000000;1;9496156638;B
20240131;100031;7009.000000000;10;9496156639;B
20240131;100031;7009.000000000;1;9496156640;B
20240131;100031;7009.000000000;1;9496156641;B
20240131;100031;7009.000000000;46;9496156642;B
20240131;100031;7007.000000000;1;9496156650;S
20240131;100031;7007.000000000;2;9496156652;S
20240131;100031;7007.000000000;1;9496156653;S
20240131;100031;7008.500000000;1;9496156687;B
20240131;100031;7009.000000000;5;9496156688;B
20240131;100031;7009.000000000;4;9496156689;B
20240131;100032;7008.000000000;3;9496156868;S
20240131;100032;7009.000000000;6;9496156881;B
20240131;100032;7009.000000000;3;9496156882;B
20240131;100032;7009.000000000;10;9496156987;B
20240131;100033;7009.000000000;3;9496157059;B
20240131;100033;7008.000000000;2;9496157078;S
20240131;100033;7008.500000000;3;9496157144;B
20240131;100033;7007.000000000;1;9496157200;S
20240131;100034;7009.000000000;1;9496157330;B
20240131;100034;7009.000000000;10;9496157331;B
20240131;100034;7009.500000000;1;9496157332;B
20240131;100034;7009.500000000;1;9496157333;B
20240131;100034;7009.500000000;7;9496157334;B
20240131;100034;7009.500000000;2;9496157335;B
20240131;100034;7009.500000000;1;9496157336;B
20240131;100034;7009.500000000;3;9496157337;B
20240131;100034;7010.000000000;4;9496157338;B
20240131;100034;7009.500000000;1;9496157340;B
20240131;100034;7009.500000000;4;9496157379;B
20240131;100034;7007.500000000;3;9496157411;S
20240131;100034;7007.500000000;10;9496157412;S
20240131;100034;7007.500000000;7;9496157413;S
20240131;100034;7007.500000000;4;9496157460;S
20240131;100034;7007.500000000;1;9496157461;S
20240131;100034;7007.500000000;1;9496157480;S
20240131;100034;7007.500000000;1;9496157481;S
20240131;100034;7007.500000000;7;9496157482;S
20240131;100034;7007.500000000;5;9496157483;S
20240131;100034;7007.000000000;3;9496157484;S
20240131;100034;7006.500000000;10;9496157485;S
20240131;100034;7009.500000000;5;9496157486;B
20240131;100034;7007.000000000;1;9496157493;S
20240131;100034;7007.000000000;9;9496157494;S
20240131;100034;7007.000000000;1;9496157495;S
20240131;100034;7007.000000000;3;9496157496;S
20240131;100034;7007.000000000;1;9496157497;S
20240131;100034;7007.000000000;1;9496157498;S
20240131;100034;7009.000000000;1;9496157500;B
20240131;100034;7009.500000000;1;9496157501;B
20240131;100034;7009.500000000;9;9496157506;B
20240131;100034;7009.500000000;1;9496157507;B
20240131;100034;7007.500000000;1;9496157511;S
20240131;100034;7009.000000000;10;9496157536;B
20240131;100035;7009.000000000;10;9496157575;B
20240131;100035;7009.000000000;10;9496157584;B
20240131;100035;7008.500000000;5;9496157688;S
20240131;100035;7009.000000000;4;9496157702;B
20240131;100035;7007.000000000;2;9496157706;S
20240131;100036;7009.000000000;10;9496157982;B
20240131;100036;7009.000000000;3;9496158014;B
20240131;100036;7009.000000000;2;9496158046;B
20240131;100037;7009.000000000;5;9496158100;B
20240131;100037;7009.500000000;4;9496158101;B
20240131;100037;7009.500000000;3;9496158102;B
20240131;100037;7009.500000000;10;9496158103;B
20240131;100037;7010.000000000;1;9496158104;B
20240131;100037;7010.000000000;1;9496158105;B
20240131;100037;7010.000000000;1;9496158106;B
20240131;100037;7010.000000000;1;9496158107;B
20240131;100037;7010.000000000;1;9496158108;B
20240131;100037;7010.000000000;1;9496158109;B
20240131;100037;7010.000000000;4;9496158110;B
20240131;100037;7010.000000000;1;9496158111;B
20240131;100037;7010.000000000;1;9496158112;B
20240131;100037;7010.000000000;1;9496158113;B
20240131;100037;7010.000000000;100;9496158114;B
20240131;100037;7010.000000000;4;9496158115;B
20240131;100037;7010.000000000;1;9496158116;B
20240131;100037;7010.000000000;10;9496158117;B
20240131;100037;7010.000000000;11;9496158118;B
20240131;100037;7010.000000000;15;9496158119;B
20240131;100037;7010.000000000;4;9496158120;B
20240131;100037;7010.000000000;20;9496158121;B
20240131;100037;7009.500000000;2;9496158219;B
20240131;100037;7009.500000000;1;9496158248;B
20240131;100037;7010.000000000;2;9496158249;B
20240131;100037;7010.000000000;10;9496158250;B
20240131;100037;7010.000000000;24;9496158251;B
20240131;100037;7010.000000000;1;9496158252;B
20240131;100037;7010.000000000;5;9496158253;B
20240131;100037;7010.000000000;8;9496158254;B
20240131;100037;7010.000000000;5;9496158255;B
20240131;100037;7010.000000000;8;9496158256;B
20240131;100037;7010.000000000;3;9496158257;B
20240131;100037;7010.000000000;2;9496158258;B
20240131;100037;7010.000000000;1;9496158259;B
20240131;100037;7010.000000000;2;9496158260;B
20240131;100037;7010.000000000;1;9496158261;S
20240131;100037;7010.000000000;1;9496158282;S
20240131;100037;7010.000000000;7;9496158331;S
20240131;100037;7010.500000000;1;9496158332;B
20240131;100037;7010.500000000;1;9496158333;B
20240131;100037;7010.500000000;1;9496158334;B
20240131;100037;7010.500000000;1;9496158335;B
20240131;100037;7011.000000000;5;9496158336;B
20240131;100037;7011.000000000;50;9496158338;B
20240131;100037;7011.000000000;5;9496158339;B
20240131;100037;7011.000000000;1;9496158340;B
20240131;100037;7011.000000000;5;9496158341;B
20240131;100037;7012.000000000;6;9496158342;B
20240131;100038;7012.000000000;10;9496158392;B
20240131;100038;7012.500000000;14;9496158393;B
20240131;100038;7012.500000000;10;9496158394;B
20240131;100038;7013.000000000;1;9496158395;B
20240131;100038;7013.000000000;2;9496158396;B
20240131;100038;7013.000000000;20;9496158397;B
20240131;100038;7013.000000000;6;9496158398;B
20240131;100038;7013.000000000;11;9496158401;B
20240131;100038;7013.000000000;3;9496158402;B
20240131;100038;7013.000000000;6;9496158403;B
20240131;100038;7012.000000000;1;9496158451;B
20240131;100038;7011.000000000;3;9496158455;S
20240131;100038;7012.000000000;6;9496158462;B
20240131;100038;7013.500000000;1;9496158463;B
20240131;100038;7013.500000000;10;9496158464;B
20240131;100038;7014.000000000;3;9496158465;B
20240131;100038;7014.000000000;50;9496158466;B
20240131;100038;7014.000000000;30;9496158467;B
20240131;100038;7011.500000000;1;9496158468;S
20240131;100038;7012.000000000;10;9496158477;S
20240131;100038;7012.000000000;10;9496158478;S
20240131;100038;7014.000000000;15;9496158482;B
20240131;100038;7013.000000000;2;9496158538;S
20240131;100038;7013.500000000;1;9496158559;S
20240131;100038;7014.000000000;5;9496158569;B
20240131;100038;7013.500000000;3;9496158582;S
20240131;100039;7014.000000000;1;9496158584;B
20240131;100039;7014.500000000;1;9496158585;B
20240131;100039;7014.500000000;2;9496158586;B
20240131;100039;7014.500000000;1;9496158587;B
20240131;100039;7013.500000000;2;9496158651;S
20240131;100039;7014.500000000;1;9496158663;B
20240131;100039;7013.500000000;5;9496158670;S
20240131;100039;7014.500000000;11;9496158678;B
20240131;100039;7014.500000000;10;9496158679;S
20240131;100039;7015.000000000;7;9496158680;B
20240131;100039;7015.000000000;1;9496158681;B
20240131;100039;7013.500000000;7;9496158728;S
20240131;100039;7013.500000000;3;9496158736;S
20240131;100039;7013.500000000;1;9496158778;S
20240131;100039;7013.500000000;3;9496158779;S
20240131;100039;7015.000000000;2;9496158796;B
20240131;100039;7015.000000000;1;9496158797;B
20240131;100039;7015.000000000;1;9496158798;B
20240131;100039;7015.000000000;1;9496158799;B
20240131;100039;7013.500000000;1;9496158812;S
20240131;100039;7013.500000000;4;9496158813;S
20240131;100039;7014.000000000;2;9496158814;B
20240131;100039;7015.000000000;30;9496158840;B
20240131;100039;7015.000000000;1;9496158845;B
20240131;100040;7014.500000000;10;9496158871;B
20240131;100040;7015.000000000;39;9496158874;B
20240131;100040;7015.000000000;4;9496158875;B
20240131;100040;7015.000000000;1;9496158974;B
20240131;100040;7015.000000000;5;9496158980;B
20240131;100040;7015.000000000;5;9496158981;B
20240131;100040;7015.000000000;2;9496158982;B
20240131;100040;7015.000000000;3;9496158983;B
20240131;100040;7015.000000000;4;9496158984;B
20240131;100040;7014.500000000;1;9496158988;S
20240131;100040;7015.000000000;2;9496159037;B
20240131;100040;7014.500000000;10;9496159038;S
20240131;100040;7014.500000000;1;9496159069;S
20240131;100041;7015.000000000;11;9496159088;B
20240131;100041;7015.000000000;3;9496159089;B
20240131;100041;7015.000000000;2;9496159090;B
20240131;100041;7015.000000000;7;9496159091;B
20240131;100041;7014.500000000;1;9496159128;S
20240131;100041;7014.000000000;2;9496159233;B
20240131;100041;7014.000000000;11;9496159265;B
20240131;100042;7014.500000000;1;9496159536;B
20240131;100043;7014.000000000;1;9496159693;B
20240131;100046;7014.500000000;2;9496160244;B
20240131;100047;7014.500000000;2;9496160292;B
20240131;100047;7014.000000000;1;9496160399;S
20240131;100047;7014.500000000;7;9496160466;B
20240131;100048;7014.500000000;1;9496160536;B
20240131;100048;7014.000000000;1;9496160632;S
20240131;100049;7014.500000000;1;9496160675;B
20240131;100049;7014.500000000;4;9496160681;B
20240131;100049;7014.500000000;1;9496160742;B
20240131;100051;7014.000000000;1;9496160968;S
20240131;100051;7013.000000000;5;9496160969;S
20240131;100051;7012.500000000;3;9496160970;S
20240131;100051;7012.500000000;10;9496160971;S
20240131;100051;7011.500000000;1;9496160972;S
20240131;100051;7014.000000000;1;9496160986;B
20240131;100051;7012.500000000;3;9496161071;B
20240131;100051;7013.000000000;4;9496161072;B
20240131;100052;7012.000000000;1;9496161284;S
20240131;100052;7012.500000000;10;9496161289;B
20240131;100052;7012.500000000;3;9496161382;B
20240131;100053;7012.000000000;1;9496161393;S
20240131;100053;7013.000000000;1;9496161459;B
20240131;100053;7012.500000000;1;9496161523;S
20240131;100053;7013.000000000;4;9496161526;B
20240131;100054;7013.000000000;5;9496161619;B
20240131;100054;7013.500000000;3;9496161620;B
20240131;100054;7013.500000000;12;9496161621;B
20240131;100054;7013.500000000;1;9496161640;B
20240131;100055;7013.500000000;1;9496161798;B
20240131;100055;7013.500000000;3;9496161804;B
20240131;100055;7012.000000000;9;9496161892;S
20240131;100055;7012.000000000;2;9496161893;S
20240131;100055;7013.000000000;5;9496161895;B
20240131;100056;7013.000000000;1;9496162094;S
20240131;100056;7013.500000000;3;9496162101;B
20240131;100059;7012.000000000;3;9496162540;S
20240131;100059;7012.500000000;1;9496162632;B
20240131;100059;7012.000000000;1;9496162665;S
20240131;100100;7012.500000000;19;9496162770;B
20240131;100100;7013.000000000;2;9496162771;B
20240131;100100;7012.000000000;1;9496162789;S
20240131;100100;7013.500000000;2;9496162845;B
20240131;100100;7013.500000000;1;9496162846;B
20240131;100100;7014.000000000;1;9496162847;B
20240131;100101;7014.000000000;7;9496162947;B
20240131;100102;7013.500000000;2;9496163039;S
20240131;100105;7012.500000000;2;9496163596;S
20240131;100105;7012.000000000;1;9496163597;S
20240131;100105;7012.000000000;7;9496163598;S
20240131;100105;7012.000000000;1;9496163609;S
20240131;100105;7012.500000000;5;9496163613;B
20240131;100105;7012.500000000;2;9496163675;B
20240131;100105;7012.000000000;10;9496163676;B
20240131;100105;7011.500000000;3;9496163719;S
20240131;100105;7011.500000000;5;9496163720;S
20240131;100105;7011.500000000;5;9496163721;S
20240131;100106;7012.000000000;3;9496163785;B
20240131;100107;7011.500000000;1;9496164111;S
20240131;100107;7011.500000000;4;9496164112;S
20240131;100107;7011.000000000;6;9496164113;S
20240131;100108;7012.000000000;3;9496164215;B
20240131;100111;7012.000000000;1;9496164753;B
20240131;100112;7012.500000000;5;9496164816;B
20240131;100112;7012.500000000;1;9496164817;B
20240131;100112;7012.500000000;1;9496164875;B
20240131;100113;7012.500000000;2;9496164968;B
20240131;100116;7012.000000000;1;9496165606;S
20240131;100118;7012.000000000;8;9496166007;S
20240131;100119;7012.500000000;3;9496166058;B
20240131;100119;7012.000000000;1;9496166107;S
20240131;100120;7012.500000000;2;9496166199;B
20240131;100120;7012.500000000;1;9496166394;B
20240131;100120;7012.500000000;15;9496166418;B
20240131;100121;7012.500000000;5;9496166517;B
20240131;100123;7012.500000000;2;9496166907;B
20240131;100123;7012.500000000;3;9496166908;B
20240131;100123;7012.500000000;1;9496166956;B
20240131;100125;7012.000000000;1;9496167384;S
20240131;100126;7012.500000000;1;9496167445;B
20240131;100126;7012.000000000;2;9496167459;S
20240131;100127;7012.000000000;1;9496167581;S
20240131;100127;7012.500000000;1;9496167647;B
20240131;100129;7012.500000000;1;9496167921;B
20240131;100129;7012.000000000;1;9496167960;S
20240131;100131;7012.000000000;2;9496168356;S
20240131;100131;7012.500000000;1;9496168426;B
20240131;100131;7012.500000000;1;9496168431;B
20240131;100131;7012.500000000;11;9496168484;B
20240131;100131;7012.500000000;4;9496168485;B
20240131;100131;7012.500000000;1;9496168486;B
20240131;100132;7012.000000000;3;9496168500;S
20240131;100132;7012.000000000;35;9496168501;S
20240131;100132;7012.000000000;2;9496168502;S
20240131;100132;7012.500000000;1;9496168539;B
20240131;100132;7012.500000000;2;9496168540;B
20240131;100132;7013.000000000;4;9496168578;B
20240131;100133;7013.000000000;13;9496168718;B
20240131;100139;7012.000000000;1;9496169793;B
20240131;100139;7012.000000000;1;9496169840;B
20240131;100140;7012.500000000;1;9496169869;S
20240131;100140;7011.500000000;20;9496169870;S
20240131;100140;7011.000000000;4;9496169871;S
20240131;100140;7013.000000000;8;9496170017;B
20240131;100142;7012.000000000;2;9496170309;B
20240131;100143;7013.000000000;1;9496170598;B
20240131;100144;7012.000000000;50;9496170800;S
20240131;100145;7013.000000000;47;9496170893;B
20240131;100145;7013.000000000;2;9496170894;B
20240131;100145;7013.000000000;30;9496170895;B
20240131;100145;7013.000000000;5;9496170896;B
20240131;100145;7013.000000000;1;9496170897;B
20240131;100145;7013.000000000;25;9496170898;B
20240131;100145;7013.000000000;11;9496170899;B
20240131;100145;7013.000000000;10;9496170900;B
20240131;100145;7013.000000000;60;9496170901;B
20240131;100145;7013.000000000;43;9496170902;B
20240131;100145;7013.500000000;2;9496170903;B
20240131;100145;7013.500000000;2;9496170904;B
20240131;100145;7013.500000000;5;9496170905;B
20240131;100145;7013.500000000;7;9496170906;B
20240131;100145;7013.000000000;10;9496170918;S
20240131;100145;7013.500000000;4;9496170964;B
20240131;100145;7014.000000000;2;9496170965;B
20240131;100145;7014.000000000;15;9496170966;B
20240131;100145;7014.000000000;2;9496170967;B
20240131;100145;7014.000000000;30;9496170968;B
20240131;100145;7014.000000000;11;9496170969;B
20240131;100146;7014.500000000;14;9496171191;B
20240131;100147;7014.500000000;4;9496171380;B
20240131;100147;7014.000000000;2;9496171512;S
20240131;100147;7014.500000000;1;9496171537;B
20240131;100148;7014.500000000;1;9496171561;B
20240131;100148;7014.500000000;1;9496171562;B
20240131;100148;7014.500000000;1;9496171563;B
20240131;100148;7014.000000000;25;9496171743;S
20240131;100148;7013.500000000;10;9496171744;S
20240131;100148;7013.000000000;5;9496171745;S
20240131;100148;7013.500000000;5;9496171759;S
20240131;100149;7015.000000000;1;9496171834;B
20240131;100149;7015.000000000;14;9496171871;B
20240131;100150;7015.000000000;2;9496172043;B
20240131;100151;7014.000000000;3;9496172372;S
20240131;100152;7015.000000000;1;9496172498;B
20240131;100154;7014.000000000;25;9496172829;B
20240131;100155;7014.000000000;8;9496172933;B
20240131;100156;7014.000000000;1;9496173051;B
20240131;100158;7013.500000000;3;9496173339;S
20240131;100158;7014.000000000;6;9496173417;B
20240131;100158;7015.000000000;25;9496173418;B
20240131;100158;7015.000000000;5;9496173419;B
20240131;100158;7015.000000000;11;9496173420;B
20240131;100158;7015.000000000;2;9496173421;B
20240131;100158;7015.000000000;1;9496173422;B
20240131;100158;7015.000000000;2;9496173423;B
20240131;100158;7015.000000000;2;9496173424;B
20240131;100158;7015.000000000;10;9496173425;B
20240131;100158;7015.000000000;25;9496173426;B
20240131;100158;7015.000000000;1;9496173427;B
20240131;100158;7015.000000000;3;9496173428;B
20240131;100158;7015.000000000;1;9496173429;B
20240131;100158;7015.000000000;1;9496173430;B
20240131;100158;7015.000000000;6;9496173431;B
20240131;100158;7015.000000000;11;9496173432;B
20240131;100158;7015.000000000;8;9496173433;B
20240131;100159;7015.000000000;1;9496173468;B
20240131;100200;7015.000000000;1;9496173606;B
20240131;100200;7015.000000000;4;9496173607;B
20240131;100200;7015.000000000;10;9496173608;B
20240131;100200;7015.000000000;25;9496173609;B
20240131;100201;7014.000000000;1;9496173879;B
20240131;100202;7015.000000000;1;9496173929;B
20240131;100203;7015.000000000;12;9496174027;B
20240131;100203;7014.000000000;3;9496174081;S
20240131;100203;7014.000000000;4;9496174082;S
20240131;100203;7013.500000000;23;9496174083;S
20240131;100203;7013.500000000;2;9496174120;S
20240131;100204;7015.000000000;9;9496174409;B
20240131;100207;7013.500000000;1;9496174938;S
20240131;100209;7013.500000000;4;9496175125;S
20240131;100209;7015.000000000;1;9496175147;B
20240131;100210;7015.000000000;2;9496175246;B
20240131;100210;7015.000000000;2;9496175247;B
20240131;100210;7015.000000000;2;9496175251;B
20240131;100210;7015.000000000;5;9496175275;B
20240131;100210;7015.000000000;5;9496175276;B
20240131;100210;7015.000000000;10;9496175277;B
20240131;100210;7015.000000000;60;9496175278;B
20240131;100210;7015.500000000;1;9496175279;B
20240131;100210;7015.500000000;22;9496175280;B
20240131;100210;7015.500000000;4;9496175281;B
20240131;100210;7015.500000000;34;9496175282;B
20240131;100210;7015.500000000;11;9496175283;B
20240131;100210;7016.000000000;5;9496175284;B
20240131;100210;7016.000000000;2;9496175285;B
20240131;100210;7016.000000000;10;9496175286;B
20240131;100210;7016.000000000;1;9496175287;B
20240131;100210;7016.000000000;2;9496175288;B
20240131;100210;7016.000000000;50;9496175289;B
20240131;100210;7016.000000000;50;9496175290;B
20240131;100210;7016.000000000;11;9496175291;B
20240131;100210;7016.000000000;1;9496175292;B
20240131;100210;7016.000000000;50;9496175293;S
20240131;100210;7016.000000000;50;9496175294;S
20240131;100210;7016.000000000;1;9496175295;S
20240131;100210;7016.500000000;1;9496175326;B
20240131;100210;7016.500000000;4;9496175327;B
20240131;100210;7016.500000000;2;9496175328;B
20240131;100210;7016.500000000;8;9496175329;B
20240131;100210;7016.000000000;40;9496175334;S
20240131;100210;7016.500000000;1;9496175341;B
20240131;100211;7016.500000000;2;9496175448;B
20240131;100211;7016.000000000;1;9496175483;S
20240131;100211;7016.500000000;29;9496175501;B
20240131;100211;7016.500000000;1;9496175529;S
20240131;100212;7017.000000000;10;9496175566;B
20240131;100212;7017.000000000;1;9496175567;B
20240131;100212;7017.000000000;3;9496175568;B
20240131;100212;7017.000000000;2;9496175569;B
20240131;100212;7017.000000000;50;9496175570;B
20240131;100212;7017.000000000;10;9496175571;B
20240131;100212;7017.000000000;1;9496175572;B
20240131;100212;7017.000000000;1;9496175573;B
20240131;100212;7017.500000000;1;9496175574;B
20240131;100212;7017.500000000;2;9496175575;B
20240131;100212;7017.500000000;2;9496175576;B
20240131;100212;7017.500000000;5;9496175577;B
20240131;100212;7017.500000000;30;9496175578;B
20240131;100212;7017.500000000;10;9496175583;B
20240131;100212;7017.500000000;1;9496175584;B
20240131;100212;7017.500000000;1;9496175585;B
20240131;100212;7017.500000000;1;9496175586;B
20240131;100212;7017.500000000;11;9496175587;B
20240131;100212;7017.500000000;1;9496175588;B
20240131;100212;7018.000000000;1;9496175646;B
20240131;100212;7018.000000000;20;9496175647;B
20240131;100212;7018.000000000;9;9496175648;B
20240131;100212;7017.500000000;1;9496175672;S
20240131;100213;7017.500000000;7;9496175708;S
20240131;100213;7016.500000000;10;9496175742;S
20240131;100213;7016.500000000;10;9496175743;S
20240131;100213;7017.000000000;3;9496175752;B
20240131;100213;7017.000000000;1;9496175753;B
20240131;100213;7018.000000000;13;9496175754;B
20240131;100213;7016.500000000;10;9496175789;S
20240131;100213;7016.500000000;10;9496175790;S
20240131;100213;7016.500000000;20;9496175791;S
20240131;100213;7017.000000000;2;9496175863;B
20240131;100213;7017.000000000;1;9496175864;B
20240131;100213;7018.000000000;2;9496175884;B
20240131;100214;7018.000000000;20;9496175938;B
20240131;100214;7018.000000000;15;9496175965;B
20240131;100214;7018.000000000;10;9496176013;B
20240131;100215;7018.000000000;5;9496176154;B
20240131;100215;7016.500000000;2;9496176162;S
20240131;100215;7017.500000000;1;9496176237;S
20240131;100216;7018.000000000;3;9496176313;B
20240131;100216;7016.500000000;1;9496176374;S
20240131;100217;7017.500000000;1;9496176507;B
20240131;100219;7017.000000000;1;9496176950;S
20240131;100220;7017.500000000;5;9496177004;B
20240131;100220;7016.500000000;1;9496177084;S
20240131;100220;7017.000000000;1;9496177107;B
20240131;100222;7016.500000000;1;9496177298;B
20240131;100222;7017.000000000;27;9496177299;B
20240131;100222;7017.500000000;24;9496177300;B
20240131;100222;7017.500000000;20;9496177301;B
20240131;100222;7017.500000000;10;9496177302;B
20240131;100222;7018.000000000;168;9496177303;B
20240131;100222;7016.500000000;10;9496177330;S
20240131;100222;7016.500000000;13;9496177331;S
20240131;100223;7018.000000000;55;9496177397;B
20240131;100223;7018.000000000;15;9496177398;B
20240131;100223;7018.000000000;10;9496177421;B
20240131;100223;7018.000000000;3;9496177422;B
20240131;100223;7018.000000000;4;9496177423;B
20240131;100223;7018.000000000;2;9496177424;B
20240131;100223;7018.500000000;1;9496177425;B
20240131;100223;7018.500000000;11;9496177426;B
20240131;100223;7018.500000000;35;9496177427;B
20240131;100223;7018.500000000;10;9496177428;B
20240131;100223;7019.000000000;1;9496177429;B
20240131;100223;7019.000000000;5;9496177430;B
20240131;100223;7019.000000000;50;9496177431;B
20240131;100223;7019.000000000;3;9496177432;B
20240131;100223;7019.000000000;11;9496177433;B
20240131;100223;7019.500000000;3;9496177434;B
20240131;100223;7019.500000000;3;9496177435;B
20240131;100223;7019.500000000;3;9496177436;B
20240131;100223;7019.500000000;7;9496177437;B
20240131;100223;7019.500000000;1;9496177438;B
20240131;100223;7019.500000000;100;9496177439;B
20240131;100223;7019.500000000;3;9496177440;B
20240131;100223;7019.500000000;11;9496177441;B
20240131;100223;7019.500000000;15;9496177442;B
20240131;100223;7020.000000000;2;9496177443;B
20240131;100223;7020.000000000;1;9496177444;B
20240131;100223;7020.000000000;1;9496177445;B
20240131;100223;7020.000000000;4;9496177446;B
20240131;100223;7019.500000000;2;9496177453;B
20240131;100223;7018.000000000;3;9496177475;S
20240131;100223;7017.000000000;2;9496177476;S
20240131;100223;7017.000000000;8;9496177478;S
20240131;100223;7017.000000000;15;9496177479;S
20240131;100223;7017.000000000;102;9496177480;S
20240131;100223;7016.500000000;61;9496177481;S
20240131;100223;7016.500000000;10;9496177482;S
20240131;100223;7016.000000000;4;9496177483;S
20240131;100223;7017.000000000;1;9496177484;S
20240131;100223;7017.000000000;2;9496177485;S
20240131;100223;7017.000000000;1;9496177486;S
20240131;100224;7017.500000000;10;9496177546;S
20240131;100224;7017.500000000;32;9496177547;S
20240131;100224;7017.000000000;11;9496177548;S
20240131;100224;7016.000000000;270;9496177549;S
20240131;100224;7016.000000000;1;9496177550;S
20240131;100224;7016.000000000;60;9496177551;S
20240131;100224;7015.500000000;1;9496177552;S
20240131;100224;7015.500000000;5;9496177553;S
20240131;100224;7015.500000000;7;9496177554;S
20240131;100224;7015.500000000;2;9496177585;S
20240131;100224;7015.500000000;5;9496177596;S
20240131;100224;7016.000000000;16;9496177631;B
20240131;100224;7017.500000000;10;9496177648;B
20240131;100224;7017.500000000;1;9496177649;B
20240131;100224;7018.000000000;9;9496177650;B
20240131;100225;7017.000000000;1;9496177676;B
20240131;100225;7017.500000000;10;9496177677;B
20240131;100225;7017.500000000;10;9496177678;B
20240131;100225;7018.000000000;7;9496177679;B
20240131;100225;7018.000000000;10;9496177680;B
20240131;100225;7018.000000000;10;9496177681;B
20240131;100225;7018.500000000;2;9496177682;B
20240131;100225;7018.500000000;53;9496177683;B
20240131;100225;7016.000000000;5;9496177713;S
20240131;100225;7018.500000000;1;9496177771;B
20240131;100225;7018.500000000;9;9496177783;B
20240131;100225;7018.500000000;4;9496177784;B
20240131;100226;7017.000000000;1;9496177847;S
20240131;100226;7017.500000000;1;9496177902;B
20240131;100229;7017.000000000;8;9496178262;B
20240131;100229;7017.000000000;3;9496178322;B
20240131;100229;7017.000000000;3;9496178377;B
20240131;100230;7017.000000000;1;9496178451;B
20240131;100230;7017.000000000;1;9496178561;B
20240131;100231;7017.000000000;27;9496178744;B
20240131;100232;7017.500000000;9;9496178844;B
20240131;100234;7017.000000000;3;9496179189;S
20240131;100234;7017.000000000;1;9496179190;S
20240131;100234;7016.500000000;2;9496179254;B
20240131;100236;7016.500000000;10;9496179374;B
20240131;100236;7016.500000000;3;9496179461;B
20240131;100237;7016.500000000;31;9496179504;B
20240131;100237;7017.500000000;43;9496179505;B
20240131;100237;7017.500000000;10;9496179506;B
20240131;100237;7017.500000000;24;9496179507;B
20240131;100237;7017.500000000;5;9496179508;B
20240131;100237;7018.000000000;487;9496179509;B
20240131;100237;7018.000000000;114;9496179567;B
20240131;100237;7018.000000000;3;9496179568;B
20240131;100237;7018.000000000;35;9496179569;B
20240131;100237;7018.000000000;2;9496179570;B
20240131;100237;7018.500000000;5;9496179616;B
20240131;100237;7019.000000000;2;9496179617;B
20240131;100237;7019.000000000;1;9496179618;B
20240131;100237;7019.000000000;1;9496179619;B
20240131;100237;7019.000000000;10;9496179620;B
20240131;100237;7019.000000000;10;9496179621;S
20240131;100237;7019.500000000;1;9496179622;B
20240131;100237;7019.500000000;1;9496179623;B
20240131;100237;7019.500000000;2;9496179624;B
20240131;100237;7019.500000000;13;9496179625;B
20240131;100240;7019.000000000;35;9496180178;B
20240131;100240;7019.500000000;43;9496180179;B
20240131;100240;7019.500000000;1;9496180180;B
20240131;100240;7020.000000000;1;9496180181;B
20240131;100240;7020.000000000;1;9496180182;B
20240131;100240;7020.000000000;1;9496180183;B
20240131;100240;7020.000000000;8;9496180184;B
20240131;100240;7020.000000000;1;9496180185;B
20240131;100240;7020.000000000;2;9496180186;B
20240131;100240;7020.000000000;1;9496180187;B
20240131;100240;7020.000000000;10;9496180188;B
20240131;100240;7020.000000000;30;9496180189;B
20240131;100240;7020.000000000;10;9496180190;B
20240131;100240;7020.000000000;2;9496180191;B
20240131;100240;7020.000000000;2;9496180192;B
20240131;100240;7020.000000000;1;9496180193;B
20240131;100240;7020.000000000;25;9496180194;B
20240131;100240;7020.000000000;5;9496180195;B
20240131;100240;7020.000000000;20;9496180196;B
20240131;100240;7020.000000000;26;9496180197;B
20240131;100241;7019.500000000;35;9496180259;B
20240131;100241;7019.500000000;10;9496180260;S
20240131;100241;7020.000000000;24;9496180342;B
20240131;100241;7020.000000000;1;9496180343;B
20240131;100241;7020.000000000;5;9496180344;B
20240131;100242;7018.000000000;1;9496180389;S
20240131;100243;7019.500000000;1;9496180718;B
20240131;100243;7020.000000000;4;9496180719;B
20240131;100244;7017.500000000;3;9496180746;S
20240131;100244;7020.000000000;2;9496180823;B
20240131;100246;7020.000000000;39;9496181041;B
20240131;100246;7020.000000000;5;9496181042;B
20240131;100246;7020.000000000;1;9496181043;B
20240131;100246;7020.000000000;3;9496181044;B
20240131;100246;7020.000000000;17;9496181045;B
20240131;100246;7020.000000000;1;9496181046;B
20240131;100246;7020.000000000;2;9496181047;B
20240131;100246;7020.000000000;70;9496181048;B
20240131;100246;7020.000000000;3;9496181049;B
20240131;100246;7020.000000000;2;9496181050;B
20240131;100246;7020.000000000;10;9496181051;B
20240131;100246;7020.000000000;2;9496181052;B
20240131;100246;7020.000000000;1;9496181053;B
20240131;100246;7020.000000000;1;9496181054;B
20240131;100246;7020.000000000;20;9496181055;B
20240131;100246;7020.000000000;1;9496181056;B
20240131;100246;7020.000000000;2;9496181057;B
20240131;100246;7020.000000000;1;9496181058;B
20240131;100246;7020.000000000;1;9496181059;B
20240131;100246;7020.000000000;2;9496181060;B
20240131;100246;7020.000000000;2;9496181061;B
20240131;100246;7020.000000000;10;9496181062;S
20240131;100246;7020.500000000;1;9496181063;B
20240131;100246;7020.500000000;2;9496181072;B
20240131;100246;7020.500000000;2;9496181145;B
20240131;100246;7020.500000000;4;9496181146;B
20240131;100246;7020.500000000;10;9496181147;S
20240131;100246;7021.000000000;1;9496181154;B
20240131;100246;7021.000000000;2;9496181155;B
20240131;100246;7021.000000000;1;9496181157;B
20240131;100246;7020.500000000;10;9496181158;S
20240131;100246;7021.000000000;1;9496181167;B
20240131;100246;7021.000000000;10;9496181168;B
20240131;100246;7021.000000000;4;9496181169;B
20240131;100246;7021.000000000;15;9496181170;B
20240131;100246;7021.000000000;2;9496181171;B
20240131;100246;7021.000000000;1;9496181172;B
20240131;100246;7021.000000000;17;9496181173;B
20240131;100247;7020.500000000;40;9496181198;S
20240131;100247;7020.500000000;10;9496181199;S
20240131;100247;7020.000000000;4;9496181200;S
20240131;100247;7021.000000000;23;9496181328;B
20240131;100247;7020.500000000;10;9496181345;S
20240131;100248;7021.000000000;3;9496181419;B
20240131;100249;7020.500000000;1;9496181632;S
20240131;100249;7020.500000000;1;9496181636;S
20240131;100249;7021.000000000;7;9496181677;B
20240131;100249;7021.000000000;1;9496181678;B
20240131;100249;7021.000000000;1;9496181679;B
20240131;100249;7021.500000000;1;9496181680;B
20240131;100249;7022.000000000;1;9496181681;B
20240131;100249;7022.000000000;7;9496181682;B
20240131;100249;7022.000000000;2;9496181683;B
20240131;100249;7022.000000000;40;9496181684;B
20240131;100249;7022.000000000;1;9496181685;B
20240131;100249;7022.000000000;39;9496181686;B
20240131;100249;7022.000000000;31;9496181690;B
20240131;100249;7022.000000000;1;9496181691;B
20240131;100249;7022.000000000;11;9496181692;B
20240131;100249;7022.500000000;2;9496181693;B
20240131;100249;7022.500000000;1;9496181694;B
20240131;100249;7022.500000000;11;9496181695;B
20240131;100249;7022.500000000;10;9496181696;B
20240131;100249;7023.000000000;1;9496181697;B
20240131;100249;7023.000000000;5;9496181698;B
20240131;100249;7023.000000000;24;9496181699;B
20240131;100249;7023.000000000;1;9496181700;B
20240131;100249;7023.000000000;2;9496181701;B
20240131;100249;7023.000000000;50;9496181702;B
20240131;100249;7023.000000000;50;9496181703;B
20240131;100249;7023.000000000;1;9496181704;B
20240131;100249;7023.000000000;17;9496181705;B
20240131;100249;7023.000000000;11;9496181706;B
20240131;100249;7023.000000000;1;9496181707;B
20240131;100249;7023.000000000;50;9496181708;B
20240131;100249;7023.000000000;2;9496181709;B
20240131;100249;7023.000000000;11;9496181710;B
20240131;100249;7023.500000000;3;9496181711;B
20240131;100249;7023.500000000;1;9496181712;B
20240131;100249;7023.500000000;5;9496181713;B
20240131;100249;7023.500000000;1;9496181714;B
20240131;100249;7023.500000000;97;9496181715;B
20240131;100249;7023.000000000;3;9496181716;B
20240131;100249;7023.000000000;7;9496181723;B
20240131;100249;7023.500000000;43;9496181724;B
20240131;100249;7023.500000000;1;9496181725;B
20240131;100250;7022.000000000;1;9496181747;S
20240131;100250;7023.000000000;1;9496181748;B
20240131;100250;7023.500000000;1;9496181749;B
20240131;100250;7022.500000000;10;9496181750;S
20240131;100250;7022.500000000;1;9496181751;S
20240131;100250;7022.500000000;1;9496181752;S
20240131;100250;7022.500000000;2;9496181753;S
20240131;100250;7023.500000000;5;9496181763;B
20240131;100250;7023.500000000;10;9496181766;B
20240131;100250;7023.500000000;10;9496181771;B
20240131;100250;7023.500000000;4;9496181788;B
20240131;100250;7022.500000000;3;9496181791;S
20240131;100250;7023.500000000;1;9496181792;B
20240131;100250;7022.500000000;5;9496181797;S
20240131;100250;7023.000000000;1;9496181810;S
20240131;100250;7023.000000000;4;9496181814;S
20240131;100250;7023.000000000;1;9496181815;S
20240131;100250;7023.500000000;100;9496181816;B
20240131;100250;7023.500000000;40;9496181817;B
20240131;100250;7023.500000000;44;9496181818;B
20240131;100250;7023.500000000;30;9496181819;B
20240131;100250;7023.500000000;23;9496181829;B
20240131;100250;7023.500000000;100;9496181830;B
20240131;100250;7023.500000000;2;9496181831;B
20240131;100250;7023.500000000;2;9496181832;B
20240131;100250;7023.500000000;37;9496181833;B
20240131;100250;7023.500000000;4;9496181882;S
20240131;100250;7024.000000000;60;9496181898;B
20240131;100250;7023.500000000;4;9496181938;S
20240131;100250;7023.500000000;13;9496181945;S
20240131;100251;7022.000000000;15;9496181979;B
20240131;100251;7022.000000000;1;9496181981;B
20240131;100251;7022.000000000;9;9496181985;B
20240131;100251;7023.000000000;1;9496181986;B
20240131;100251;7022.500000000;10;9496181996;S
20240131;100251;7022.500000000;28;9496181997;S
20240131;100251;7023.000000000;4;9496182014;B
20240131;100251;7023.500000000;11;9496182015;B
20240131;100251;7024.000000000;33;9496182016;B
20240131;100251;7023.000000000;2;9496182017;B
20240131;100251;7023.000000000;81;9496182018;S
20240131;100251;7023.000000000;5;9496182062;B
20240131;100251;7023.000000000;1;9496182063;B
20240131;100251;7023.000000000;13;9496182183;B
20240131;100251;7023.000000000;3;9496182184;B
20240131;100252;7023.500000000;10;9496182266;B
20240131;100252;7024.000000000;2;9496182267;B
20240131;100252;7023.000000000;2;9496182349;B
20240131;100256;7022.500000000;10;9496182917;S
20240131;100256;7022.500000000;1;9496182918;S
20240131;100256;7022.000000000;1;9496182919;S
20240131;100256;7021.500000000;10;9496182920;S
20240131;100256;7020.000000000;147;9496182921;S
20240131;100256;7022.500000000;43;9496182950;B
20240131;100256;7023.000000000;7;9496182951;B
20240131;100257;7022.500000000;43;9496183096;B
20240131;100257;7022.500000000;13;9496183097;B
20240131;100257;7020.500000000;1;9496183206;S
20240131;100258;7021.500000000;17;9496183335;S
20240131;100258;7021.000000000;2;9496183404;B
20240131;100259;7020.500000000;1;9496183487;S
20240131;100259;7020.500000000;5;9496183518;B
20240131;100259;7020.500000000;1;9496183574;B
20240131;100300;7020.500000000;3;9496183656;B
20240131;100300;7021.000000000;32;9496183657;B
20240131;100300;7021.000000000;1;9496183706;S
20240131;100300;7021.500000000;4;9496183753;B
20240131;100300;7022.000000000;8;9496183780;S
20240131;100301;7022.000000000;10;9496183865;B
20240131;100302;7022.000000000;4;9496183971;B
20240131;100304;7021.000000000;3;9496184300;S
20240131;100305;7021.500000000;1;9496184438;B
20240131;100305;7021.500000000;1;9496184543;B
20240131;100307;7021.500000000;2;9496184871;B
20240131;100307;7022.000000000;39;9496184872;B
20240131;100307;7022.500000000;37;9496184873;B
20240131;100307;7022.500000000;60;9496184874;B
20240131;100307;7023.000000000;2;9496184875;B
20240131;100307;7023.500000000;10;9496184876;B
20240131;100307;7022.500000000;5;9496185094;S
20240131;100308;7022.500000000;15;9496185098;S
20240131;100308;7023.000000000;30;9496185178;B
20240131;100308;7023.000000000;20;9496185439;B
20240131;100309;7021.500000000;1;9496185443;S
20240131;100309;7023.000000000;1;9496185519;B
20240131;100309;7023.000000000;22;9496185549;B
20240131;100309;7023.500000000;12;9496185550;B
20240131;100309;7023.500000000;11;9496185551;B
20240131;100309;7023.500000000;50;9496185552;B
20240131;100309;7023.500000000;5;9496185553;B
20240131;100309;7023.500000000;5;9496185593;B
20240131;100309;7023.500000000;1;9496185594;B
20240131;100309;7023.500000000;1;9496185595;B
20240131;100310;7023.500000000;10;9496185753;B
20240131;100310;7023.500000000;43;9496185754;B
20240131;100310;7023.500000000;10;9496185755;B
20240131;100310;7023.500000000;40;9496185756;B
20240131;100310;7024.000000000;34;9496185757;B
20240131;100311;7024.000000000;34;9496185813;B
20240131;100312;7023.500000000;1;9496186011;S
20240131;100312;7023.500000000;1;9496186056;S
20240131;100313;7024.000000000;4;9496186110;B
20240131;100313;7024.000000000;1;9496186118;B
20240131;100313;7023.500000000;45;9496186153;S
20240131;100313;7023.000000000;2;9496186154;S
20240131;100314;7023.000000000;17;9496186326;B
20240131;100314;7023.000000000;1;9496186432;B
20240131;100315;7023.000000000;77;9496186540;B
20240131;100315;7023.500000000;100;9496186541;B
20240131;100315;7023.500000000;43;9496186542;B
20240131;100315;7024.000000000;60;9496186543;B
20240131;100316;7024.000000000;93;9496186707;B
20240131;100316;7024.000000000;1;9496186715;B
20240131;100316;7024.000000000;100;9496186735;B
20240131;100317;7024.000000000;50;9496186785;B
20240131;100317;7024.000000000;1;9496186795;B
20240131;100317;7023.500000000;1;9496186844;S
20240131;100317;7023.500000000;39;9496186891;B
20240131;100317;7024.000000000;1161;9496186892;B
20240131;100317;7023.500000000;1;9496186924;S
20240131;100318;7024.000000000;49;9496186977;B
20240131;100318;7024.000000000;317;9496187041;B
20240131;100318;7024.000000000;2;9496187042;B
20240131;100318;7024.000000000;10;9496187043;B
20240131;100318;7024.000000000;71;9496187044;B
20240131;100318;7024.000000000;1;9496187048;B
20240131;100320;7024.000000000;20;9496187400;B
20240131;100321;7024.000000000;7;9496187472;B
20240131;100321;7024.000000000;1;9496187551;B
20240131;100321;7024.000000000;2;9496187552;B
20240131;100321;7024.000000000;300;9496187589;B
20240131;100322;7024.000000000;1;9496187642;B
20240131;100322;7024.000000000;10;9496187723;B
20240131;100322;7024.000000000;3;9496187786;B
20240131;100322;7024.000000000;103;9496187806;B
20240131;100323;7024.000000000;1;9496187915;B
20240131;100323;7023.500000000;1;9496187981;S
20240131;100323;7023.500000000;1;9496187982;S
20240131;100323;7023.500000000;4;9496187983;S
20240131;100323;7023.500000000;1;9496188020;B
20240131;100324;7023.500000000;3;9496188045;B
20240131;100324;7024.000000000;68;9496188046;B
20240131;100324;7024.000000000;2;9496188052;B
20240131;100325;7024.000000000;1;9496188277;B
20240131;100325;7024.000000000;24;9496188278;B
20240131;100327;7024.000000000;1;9496188448;B
20240131;100328;7023.500000000;1;9496188551;S
20240131;100328;7024.000000000;200;9496188604;B
20240131;100328;7024.000000000;67;9496188652;B
20240131;100329;7024.000000000;80;9496188711;B
20240131;100329;7023.500000000;1;9496188758;S
20240131;100329;7024.000000000;50;9496188768;B
20240131;100329;7024.000000000;26;9496188785;B
20240131;100330;7024.000000000;17;9496188851;B
20240131;100330;7024.000000000;44;9496188852;B
20240131;100330;7024.000000000;1;9496188911;B
20240131;100330;7024.000000000;14;9496188912;B
20240131;100331;7024.000000000;5;9496188981;B
20240131;100331;7024.000000000;2;9496189024;B
20240131;100332;7024.000000000;5;9496189095;B
20240131;100332;7024.000000000;17;9496189096;B
20240131;100332;7024.000000000;5;9496189097;B
20240131;100332;7024.000000000;10;9496189098;B
20240131;100332;7024.000000000;3;9496189099;B
20240131;100332;7024.000000000;2;9496189100;B
20240131;100332;7024.000000000;3;9496189101;B
20240131;100332;7024.000000000;5;9496189102;B
20240131;100332;7024.000000000;2;9496189118;B
20240131;100332;7024.000000000;1;9496189146;B
20240131;100332;7024.000000000;10;9496189185;B
20240131;100332;7024.000000000;13;9496189233;B
20240131;100332;7024.000000000;1;9496189234;B
20240131;100332;7024.000000000;2;9496189235;B
20240131;100332;7024.000000000;5;9496189239;B
20240131;100332;7024.000000000;5;9496189240;B
20240131;100332;7024.000000000;3;9496189241;B
20240131;100333;7024.000000000;5;9496189259;S
20240131;100333;7024.500000000;1;9496189319;B
20240131;100333;7024.500000000;1;9496189320;B
20240131;100333;7025.000000000;1;9496189322;B
20240131;100333;7025.000000000;5;9496189330;B
20240131;100333;7024.500000000;1;9496189411;S
20240131;100333;7024.500000000;1;9496189419;S
20240131;100333;7025.000000000;7;9496189423;B
20240131;100333;7025.000000000;5;9496189426;B
20240131;100333;7025.000000000;2;9496189437;B
20240131;100333;7025.000000000;18;9496189438;B
20240131;100333;7024.500000000;16;9496189439;S
20240131;100333;7024.500000000;10;9496189440;S
20240131;100333;7024.500000000;2;9496189441;S
20240131;100333;7024.500000000;35;9496189442;S
20240131;100333;7024.500000000;2;9496189443;S
20240131;100333;7024.000000000;5;9496189444;S
20240131;100333;7024.000000000;5;9496189446;S
20240131;100333;7024.000000000;4;9496189447;S
20240131;100333;7024.000000000;3;9496189448;S
20240131;100333;7024.000000000;10;9496189449;S
20240131;100333;7024.000000000;28;9496189450;S
20240131;100333;7024.000000000;5;9496189456;B
20240131;100333;7024.000000000;33;9496189457;B
20240131;100333;7024.500000000;2;9496189458;B
20240131;100333;7024.000000000;9;9496189459;S
20240131;100333;7023.500000000;16;9496189460;S
20240131;100333;7023.500000000;1;9496189464;S
20240131;100333;7024.500000000;2;9496189465;B
20240131;100334;7024.500000000;7;9496189477;B
20240131;100334;7023.500000000;2;9496189531;S
20240131;100334;7024.000000000;18;9496189547;B
20240131;100334;7024.000000000;1;9496189617;B
20240131;100334;7024.000000000;4;9496189631;B
20240131;100335;7023.500000000;3;9496189823;S
20240131;100335;7023.500000000;1;9496189828;S
20240131;100335;7024.000000000;100;9496189854;B
20240131;100335;7024.000000000;127;9496189860;B
20240131;100335;7024.000000000;4;9496189861;B
20240131;100335;7024.000000000;1;9496189862;B
20240131;100335;7024.000000000;5;9496189863;B
20240131;100335;7024.000000000;2;9496189864;B
20240131;100335;7024.500000000;361;9496189865;B
20240131;100335;7024.500000000;63;9496189866;B
20240131;100335;7024.500000000;1;9496189867;B
20240131;100335;7025.000000000;6;9496189868;B
20240131;100335;7025.000000000;2;9496189869;B
20240131;100335;7025.000000000;8;9496189870;B
20240131;100335;7025.000000000;5;9496189871;B
20240131;100335;7025.000000000;6;9496189872;B
20240131;100335;7025.000000000;17;9496189873;B
20240131;100335;7025.000000000;100;9496189874;B
20240131;100335;7025.000000000;2;9496189875;B
20240131;100335;7025.000000000;1;9496189876;B
20240131;100335;7025.000000000;20;9496189877;B
20240131;100335;7025.000000000;25;9496189878;B
20240131;100335;7025.000000000;1;9496189879;B
20240131;100335;7025.000000000;10;9496189880;B
20240131;100335;7025.000000000;5;9496189881;B
20240131;100335;7025.000000000;1;9496189882;B
20240131;100335;7025.000000000;9;9496189883;B
20240131;100335;7025.000000000;33;9496189884;B
20240131;100335;7025.000000000;6;9496189885;B
20240131;100335;7025.000000000;2;9496189886;B
20240131;100335;7025.000000000;3;9496189887;B
20240131;100335;7025.000000000;1;9496189888;B
20240131;100335;7025.000000000;2;9496189889;B
20240131;100335;7025.000000000;6;9496189890;B
20240131;100335;7025.000000000;35;9496189891;B
20240131;100335;7025.500000000;1;9496189893;B
20240131;100335;7025.500000000;5;9496189894;B
20240131;100335;7025.500000000;1;9496189895;B
20240131;100335;7025.500000000;100;9496189896;B
20240131;100335;7026.000000000;2;9496189897;B
20240131;100335;7026.000000000;2;9496189898;B
20240131;100335;7026.000000000;5;9496189899;B
20240131;100335;7026.000000000;10;9496189900;B
20240131;100335;7026.000000000;1;9496189901;B
20240131;100335;7026.000000000;10;9496189902;B
20240131;100335;7026.000000000;1;9496189903;B
20240131;100335;7026.000000000;1;9496189904;B
20240131;100335;7026.000000000;5;9496189905;B
20240131;100335;7026.000000000;1;9496189906;B
20240131;100335;7026.000000000;5;9496189907;B
20240131;100335;7026.000000000;1;9496189908;B
20240131;100335;7026.000000000;5;9496189909;B
20240131;100335;7026.000000000;1;9496189910;B
20240131;100335;7026.000000000;50;9496189911;B
20240131;100335;7026.000000000;5;9496189912;B
20240131;100335;7026.000000000;15;9496189913;B
20240131;100335;7027.000000000;1;9496189914;B
20240131;100335;7027.000000000;1;9496189915;B
20240131;100335;7027.000000000;50;9496189916;B
20240131;100335;7027.000000000;10;9496189917;B
20240131;100335;7027.000000000;2;9496189918;B
20240131;100335;7027.000000000;1;9496189919;B
20240131;100335;7027.000000000;1;9496189920;B
20240131;100335;7027.000000000;2;9496189921;B
20240131;100335;7027.000000000;1;9496189922;B
20240131;100335;7027.500000000;15;9496189924;B
20240131;100335;7027.500000000;1;9496189925;B
20240131;100336;7027.500000000;84;9496190008;B
20240131;100336;7028.000000000;3;9496190009;B
20240131;100336;7028.000000000;2;9496190010;B
20240131;100336;7028.000000000;20;9496190011;B
20240131;100336;7028.000000000;5;9496190012;B
20240131;100336;7028.000000000;2;9496190013;B
20240131;100336;7028.500000000;1;9496190014;B
20240131;100336;7028.500000000;1;9496190015;B
20240131;100336;7028.500000000;1;9496190016;B
20240131;100336;7029.000000000;1;9496190017;B
20240131;100336;7029.000000000;1;9496190018;B
20240131;100336;7029.000000000;2;9496190019;B
20240131;100336;7029.000000000;118;9496190020;B
20240131;100336;7028.500000000;2;9496190038;S
20240131;100336;7029.000000000;5;9496190056;B
20240131;100336;7028.500000000;1;9496190057;S
20240131;100336;7029.000000000;9;9496190133;B
20240131;100336;7029.000000000;139;9496190149;B
20240131;100336;7029.000000000;1;9496190150;B
20240131;100336;7029.500000000;1;9496190151;B
20240131;100336;7029.500000000;1;9496190152;B
20240131;100336;7029.000000000;1;9496190153;S
20240131;100336;7030.000000000;1;9496190154;B
20240131;100336;7030.000000000;1;9496190155;B
20240131;100336;7030.000000000;2;9496190156;B
20240131;100336;7030.000000000;15;9496190157;B
20240131;100336;7030.000000000;1;9496190158;B
20240131;100336;7030.000000000;1;9496190159;B
20240131;100336;7030.000000000;5;9496190160;B
20240131;100336;7030.000000000;1;9496190161;B
20240131;100336;7030.000000000;5;9496190162;B
20240131;100336;7030.000000000;1;9496190163;B
20240131;100336;7030.000000000;151;9496190164;B
20240131;100336;7030.000000000;10;9496190165;B
20240131;100336;7030.000000000;25;9496190166;B
20240131;100336;7030.000000000;96;9496190167;B
20240131;100336;7030.000000000;4;9496190168;B
20240131;100336;7030.000000000;1;9496190169;B
20240131;100336;7030.000000000;5;9496190170;B
20240131;100336;7030.000000000;20;9496190171;B
20240131;100336;7030.000000000;5;9496190172;S
20240131;100336;7030.000000000;5;9496190173;B
20240131;100336;7030.500000000;1;9496190174;B
20240131;100336;7030.500000000;17;9496190175;B
20240131;100336;7030.500000000;10;9496190176;B
20240131;100336;7030.500000000;2;9496190201;B
20240131;100336;7030.000000000;6;9496190215;S
20240131;100336;7030.000000000;25;9496190216;S
20240131;100336;7030.500000000;13;9496190222;B
20240131;100337;7030.500000000;15;9496190235;B
20240131;100337;7030.500000000;1;9496190252;B
20240131;100337;7030.000000000;38;9496190253;S
20240131;100337;7030.000000000;26;9496190254;S
20240131;100337;7030.000000000;30;9496190255;S
20240131;100337;7029.500000000;6;9496190256;S
20240131;100337;7030.500000000;50;9496190257;B
20240131;100337;7031.000000000;2;9496190258;B
20240131;100337;7031.000000000;148;9496190259;B
20240131;100337;7031.000000000;1;9496190260;B
20240131;100337;7031.000000000;1;9496190263;B
20240131;100337;7029.500000000;1;9496190276;S
20240131;100337;7029.500000000;9;9496190277;S
20240131;100337;7029.500000000;43;9496190278;S
20240131;100337;7029.000000000;5;9496190279;S
20240131;100337;7029.000000000;27;9496190280;S
20240131;100337;7028.500000000;2;9496190281;S
20240131;100337;7028.500000000;35;9496190282;S
20240131;100337;7027.500000000;15;9496190283;S
20240131;100337;7027.000000000;85;9496190284;S
20240131;100337;7026.500000000;60;9496190285;S
20240131;100337;7026.000000000;14;9496190286;S
20240131;100337;7026.000000000;34;9496190287;S
20240131;100337;7026.000000000;11;9496190288;S
20240131;100337;7025.500000000;11;9496190289;S
20240131;100337;7025.500000000;43;9496190290;S
20240131;100337;7025.500000000;15;9496190291;S
20240131;100337;7025.000000000;11;9496190292;S
20240131;100337;7025.000000000;18;9496190293;S
20240131;100337;7025.000000000;1;9496190294;S
20240131;100337;7024.000000000;80;9496190295;S
20240131;100337;7023.500000000;8;9496190296;S
20240131;100337;7023.500000000;9;9496190297;S
20240131;100337;7023.500000000;10;9496190298;S
20240131;100337;7023.500000000;60;9496190299;S
20240131;100337;7023.000000000;1;9496190300;S
20240131;100337;7023.000000000;100;9496190301;S
20240131;100337;7023.000000000;993;9496190302;S
20240131;100337;7023.000000000;300;9496190303;S
20240131;100337;7025.500000000;9;9496190305;S
20240131;100337;7025.500000000;1;9496190307;S
20240131;100337;7030.000000000;2;9496190311;B
20240131;100337;7030.000000000;1;9496190312;B
20240131;100337;7030.000000000;5;9496190313;B
20240131;100337;7030.000000000;2;9496190314;B
20240131;100337;7030.000000000;1;9496190315;B
20240131;100337;7030.500000000;11;9496190316;B
20240131;100337;7031.000000000;100;9496190317;B
20240131;100337;7031.000000000;11;9496190318;B
20240131;100337;7031.000000000;5;9496190319;B
20240131;100337;7031.500000000;1;9496190320;B
20240131;100337;7031.500000000;11;9496190321;B
20240131;100337;7031.500000000;35;9496190322;B
20240131;100337;7032.000000000;2;9496190323;B
20240131;100337;7032.000000000;2;9496190324;B
20240131;100337;7032.000000000;2;9496190325;B
20240131;100337;7032.000000000;1;9496190326;B
20240131;100337;7032.000000000;10;9496190327;B
20240131;100337;7032.500000000;10;9496190328;B
20240131;100337;7032.500000000;1;9496190329;B
20240131;100337;7032.500000000;1;9496190330;B
20240131;100337;7032.500000000;2;9496190331;B
20240131;100337;7032.500000000;1;9496190332;B
20240131;100337;7033.000000000;7;9496190333;B
20240131;100337;7033.000000000;2;9496190334;B
20240131;100337;7033.000000000;17;9496190335;B
20240131;100337;7033.000000000;1;9496190336;B
20240131;100337;7033.000000000;10;9496190337;B
20240131;100337;7033.000000000;15;9496190338;B
20240131;100337;7033.000000000;60;9496190339;B
20240131;100337;7033.500000000;10;9496190340;B
20240131;100337;7033.500000000;10;9496190341;B
20240131;100337;7033.500000000;5;9496190342;B
20240131;100337;7034.000000000;2;9496190343;B
20240131;100337;7034.000000000;50;9496190344;B
20240131;100337;7034.500000000;1;9496190345;B
20240131;100337;7034.500000000;24;9496190346;B
20240131;100337;7034.500000000;43;9496190347;B
20240131;100337;7035.000000000;9;9496190348;B
20240131;100337;7035.000000000;2;9496190349;B
20240131;100337;7035.000000000;1;9496190350;B
20240131;100337;7035.000000000;5;9496190351;B
20240131;100337;7035.000000000;17;9496190352;B
20240131;100337;7035.000000000;1;9496190353;B
20240131;100337;7035.000000000;10;9496190354;B
20240131;100337;7035.000000000;21;9496190355;B
20240131;100337;7031.000000000;11;9496190356;S
20240131;100337;7032.500000000;10;9496190359;S
20240131;100337;7032.500000000;5;9496190360;S
20240131;100337;7032.500000000;5;9496190361;S
20240131;100337;7032.500000000;5;9496190362;S
20240131;100337;7032.500000000;5;9496190363;B
20240131;100337;7032.500000000;10;9496190364;B
20240131;100337;7033.000000000;10;9496190367;B
20240131;100337;7032.500000000;3;9496190374;S
20240131;100337;7032.500000000;2;9496190404;S
20240131;100337;7033.000000000;30;9496190443;B
20240131;100337;7033.500000000;10;9496190444;S
20240131;100337;7033.500000000;5;9496190445;S
20240131;100337;7033.000000000;5;9496190446;S
20240131;100337;7033.500000000;10;9496190447;B
20240131;100337;7034.500000000;40;9496190450;S
20240131;100337;7035.000000000;35;9496190480;B
20240131;100337;7035.000000000;6;9496190481;B
20240131;100337;7035.500000000;1;9496190482;B
20240131;100337;7035.500000000;10;9496190483;B
20240131;100337;7035.500000000;10;9496190484;B
20240131;100337;7036.000000000;10;9496190485;B
20240131;100337;7036.000000000;2;9496190486;B
20240131;100337;7036.000000000;10;9496190487;B
20240131;100337;7036.000000000;11;9496190488;B
20240131;100337;7036.500000000;1;9496190489;B
20240131;100337;7036.500000000;21;9496190490;B
20240131;100337;7035.500000000;10;9496190491;S
20240131;100337;7035.500000000;5;9496190492;S
20240131;100337;7035.500000000;5;9496190499;B
20240131;100337;7035.500000000;10;9496190500;B
20240131;100337;7036.000000000;10;9496190505;S
20240131;100337;7036.000000000;5;9496190506;S
20240131;100337;7035.500000000;6;9496190507;S
20240131;100337;7035.500000000;9;9496190509;B
20240131;100337;7035.500000000;20;9496190510;B
20240131;100337;7035.500000000;20;9496190511;B
20240131;100337;7035.500000000;10;9496190513;S
20240131;100337;7035.500000000;10;9496190523;S
20240131;100337;7035.500000000;30;9496190524;S
20240131;100337;7035.500000000;50;9496190525;S
20240131;100337;7035.500000000;50;9496190526;S
20240131;100337;7035.500000000;50;9496190527;S
20240131;100337;7035.500000000;50;9496190528;S
20240131;100337;7035.500000000;20;9496190529;S
20240131;100337;7035.500000000;150;9496190548;S
20240131;100337;7036.000000000;25;9496190549;B
20240131;100337;7035.500000000;1;9496190550;S
20240131;100337;7035.500000000;10;9496190553;S
20240131;100337;7035.500000000;31;9496190555;S
20240131;100337;7036.000000000;1;9496190556;B
20240131;100337;7036.000000000;4;9496190559;B
20240131;100337;7036.000000000;20;9496190560;B
20240131;100337;7036.000000000;20;9496190561;B
20240131;100337;7036.000000000;7;9496190562;B
20240131;100337;7036.000000000;10;9496190563;B
20240131;100337;7036.000000000;10;9496190564;B
20240131;100337;7036.000000000;10;9496190565;B
20240131;100337;7036.000000000;30;9496190566;B
20240131;100337;7036.000000000;10;9496190567;B
20240131;100337;7036.500000000;3;9496190568;B
20240131;100338;7033.000000000;10;9496190575;S
20240131;100338;7033.000000000;61;9496190576;S
20240131;100338;7033.500000000;5;9496190590;S
20240131;100338;7035.500000000;1;9496190594;B
20240131;100338;7033.500000000;1;9496190603;S
20240131;100338;7033.500000000;1;9496190616;S
20240131;100338;7033.500000000;2;9496190623;S
20240131;100338;7034.500000000;43;9496190654;B
20240131;100338;7035.000000000;1;9496190655;B
20240131;100338;7035.000000000;50;9496190656;B
20240131;100338;7035.000000000;7;9496190657;B
20240131;100338;7035.000000000;10;9496190658;B
20240131;100338;7035.000000000;4;9496190659;B
20240131;100338;7035.000000000;2;9496190660;B
20240131;100338;7035.000000000;10;9496190661;B
20240131;100338;7036.000000000;3;9496190662;S
20240131;100338;7034.500000000;43;9496190663;B
20240131;100338;7035.500000000;20;9496190664;B
20240131;100338;7036.000000000;7;9496190665;B
20240131;100338;7036.000000000;7;9496190666;B
20240131;100338;7036.000000000;20;9496190667;S
20240131;100338;7036.000000000;10;9496190668;S
20240131;100338;7036.000000000;10;9496190669;S
20240131;100338;7036.000000000;50;9496190670;S
20240131;100338;7036.000000000;10;9496190671;S
20240131;100338;7036.000000000;40;9496190674;S
20240131;100338;7036.000000000;10;9496190677;S
20240131;100338;7036.000000000;20;9496190679;S
20240131;100338;7036.500000000;1;9496190680;B
20240131;100338;7036.500000000;1;9496190681;B
20240131;100338;7036.500000000;11;9496190682;B
20240131;100338;7036.500000000;35;9496190683;B
20240131;100338;7036.500000000;10;9496190684;B
20240131;100338;7037.000000000;2;9496190690;B
20240131;100338;7036.500000000;100;9496190696;S
20240131;100338;7036.000000000;75;9496190697;S
20240131;100338;7036.000000000;1;9496190713;S
20240131;100338;7036.000000000;2;9496190734;S
20240131;100338;7036.000000000;10;9496190735;S
20240131;100338;7036.000000000;82;9496190737;S
20240131;100338;7036.000000000;140;9496190738;S
20240131;100338;7035.000000000;10;9496190739;S
20240131;100338;7034.500000000;15;9496190740;B
20240131;100338;7034.500000000;10;9496190741;B
20240131;100338;7031.500000000;1;9496190775;S
20240131;100338;7034.500000000;8;9496190778;B
20240131;100338;7034.500000000;43;9496190779;B
20240131;100338;7034.500000000;49;9496190780;B
20240131;100339;7033.000000000;5;9496190840;S
20240131;100339;7033.000000000;5;9496190847;S
20240131;100339;7032.500000000;10;9496190848;S
20240131;100339;7032.500000000;100;9496190916;S
20240131;100339;7033.000000000;25;9496190955;B
20240131;100339;7033.000000000;12;9496190956;B
20240131;100339;7032.000000000;25;9496190976;S
20240131;100339;7030.500000000;1;9496191000;S
20240131;100339;7030.500000000;7;9496191003;S
20240131;100339;7030.500000000;10;9496191004;S
20240131;100339;7030.000000000;13;9496191005;S
20240131;100340;7030.500000000;5;9496191019;S
20240131;100340;7031.000000000;1;9496191061;S
20240131;100340;7031.500000000;7;9496191177;B
20240131;100340;7030.500000000;40;9496191190;S
20240131;100340;7030.000000000;7;9496191191;S
20240131;100340;7030.000000000;1;9496191192;S
20240131;100340;7030.000000000;17;9496191193;S
20240131;100340;7029.500000000;10;9496191194;S
20240131;100341;7029.000000000;11;9496191200;S
20240131;100341;7029.000000000;5;9496191201;S
20240131;100341;7029.500000000;4;9496191248;B
20240131;100342;7029.500000000;5;9496191379;B
20240131;100344;7029.000000000;10;9496191665;S
20240131;100344;7029.500000000;1;9496191699;B
20240131;100344;7029.000000000;4;9496191702;S
20240131;100344;7029.500000000;3;9496191703;B
20240131;100345;7029.500000000;3;9496191720;B
20240131;100345;7031.000000000;10;9496191721;B
20240131;100345;7031.500000000;7;9496191722;B
20240131;100345;7032.000000000;6;9496191723;B
20240131;100345;7032.000000000;24;9496191724;B
20240131;100345;7032.000000000;1;9496191768;B
20240131;100345;7031.500000000;1;9496191815;S
20240131;100345;7031.500000000;8;9496191828;S
20240131;100345;7032.000000000;9;9496191844;B
20240131;100346;7032.000000000;1;9496191845;B
20240131;100346;7032.000000000;9;9496191920;B
20240131;100346;7032.000000000;1;9496191921;B
20240131;100347;7031.500000000;1;9496191999;S
20240131;100347;7032.000000000;3;9496192002;B
20240131;100347;7032.000000000;56;9496192016;B
20240131;100347;7032.000000000;10;9496192017;B
20240131;100347;7032.500000000;2;9496192018;B
20240131;100347;7032.500000000;7;9496192019;B
20240131;100347;7032.500000000;5;9496192020;B
20240131;100347;7033.000000000;20;9496192021;B
20240131;100347;7033.000000000;2;9496192036;B
20240131;100348;7032.000000000;2;9496192189;B
20240131;100348;7032.500000000;33;9496192190;B
20240131;100349;7031.000000000;1;9496192237;S
20240131;100349;7029.500000000;6;9496192238;S
20240131;100349;7030.500000000;1;9496192291;S
20240131;100349;7030.500000000;1;9496192303;S
20240131;100349;7030.000000000;10;9496192304;S
20240131;100349;7029.000000000;14;9496192305;S
20240131;100349;7029.500000000;10;9496192307;S
20240131;100349;7029.500000000;3;9496192308;S
20240131;100350;7031.500000000;5;9496192415;B
20240131;100351;7032.000000000;3;9496192492;B
20240131;100351;7032.000000000;2;9496192493;B
20240131;100351;7032.000000000;3;9496192504;B
20240131;100352;7032.000000000;2;9496192601;B
20240131;100353;7029.500000000;5;9496192741;S
20240131;100353;7029.500000000;2;9496192845;S
20240131;100353;7029.000000000;3;9496192846;S
20240131;100354;7029.500000000;5;9496192888;S
20240131;100354;7030.500000000;1;9496192978;B
20240131;100355;7030.000000000;6;9496193015;B
20240131;100355;7030.500000000;17;9496193016;B
20240131;100355;7030.500000000;1;9496193033;B
20240131;100355;7030.000000000;5;9496193048;S
20240131;100355;7030.500000000;6;9496193087;B
20240131;100355;7030.500000000;2;9496193088;B
20240131;100355;7030.000000000;2;9496193094;S
20240131;100355;7029.500000000;8;9496193095;S
20240131;100356;7030.500000000;2;9496193159;B
20240131;100356;7031.000000000;1;9496193208;B
20240131;100356;7031.000000000;4;9496193209;B
20240131;100357;7030.500000000;2;9496193335;S
20240131;100357;7031.000000000;1;9496193349;B
20240131;100357;7030.000000000;1;9496193513;S
20240131;100357;7029.500000000;5;9496193514;S
20240131;100358;7029.500000000;1;9496193549;S
20240131;100358;7030.500000000;1;9496193665;B
20240131;100359;7029.500000000;1;9496193773;S
20240131;100359;7029.500000000;2;9496193774;S
20240131;100359;7028.500000000;5;9496193775;S
20240131;100400;7028.500000000;5;9496193855;S
20240131;100400;7029.500000000;1;9496193869;S
20240131;100400;7029.500000000;1;9496193878;S
20240131;100400;7029.000000000;1;9496193889;S
20240131;100400;7028.500000000;1;9496193899;S
20240131;100400;7030.500000000;1;9496193963;B
20240131;100401;7030.000000000;1;9496194087;S
20240131;100401;7030.500000000;2;9496194089;B
20240131;100401;7030.500000000;48;9496194090;B
20240131;100401;7030.000000000;1;9496194129;S
20240131;100401;7030.000000000;17;9496194130;S
20240131;100401;7029.500000000;6;9496194144;S
20240131;100401;7030.000000000;2;9496194145;B
20240131;100401;7030.500000000;2;9496194146;B
20240131;100401;7031.000000000;2;9496194147;B
20240131;100401;7031.000000000;4;9496194148;B
20240131;100401;7031.000000000;1;9496194165;B
20240131;100402;7030.500000000;2;9496194202;S
20240131;100402;7029.500000000;21;9496194203;S
20240131;100402;7029.500000000;1;9496194221;S
20240131;100402;7030.000000000;1;9496194273;B
20240131;100403;7031.000000000;1;9496194338;B
20240131;100403;7031.000000000;10;9496194352;B
20240131;100403;7029.500000000;2;9496194410;S
20240131;100404;7029.500000000;10;9496194429;S
20240131;100404;7031.000000000;4;9496194504;B
20240131;100404;7031.000000000;1;9496194553;B
20240131;100405;7030.500000000;5;9496194634;S
20240131;100407;7029.500000000;5;9496194865;S
20240131;100407;7031.000000000;4;9496194879;B
20240131;100407;7030.500000000;1;9496194995;S
20240131;100407;7029.500000000;5;9496194996;S
20240131;100407;7029.000000000;24;9496194997;S
20240131;100407;7029.000000000;5;9496195011;S
20240131;100408;7030.500000000;10;9496195125;B
20240131;100408;7030.500000000;25;9496195126;B
20240131;100408;7031.000000000;11;9496195127;B
20240131;100408;7031.000000000;14;9496195183;B
20240131;100409;7030.500000000;1;9496195227;S
20240131;100410;7030.500000000;3;9496195457;S
20240131;100411;7031.000000000;1;9496195511;B
20240131;100412;7030.500000000;5;9496195641;S
20240131;100412;7031.000000000;3;9496195646;B
20240131;100412;7031.000000000;1;9496195652;B
20240131;100412;7031.000000000;2;9496195695;B
20240131;100412;7030.500000000;15;9496195730;S
20240131;100413;7031.000000000;6;9496195794;B
20240131;100413;7030.500000000;2;9496195839;S
20240131;100413;7031.000000000;1;9496196046;B
20240131;100413;7031.000000000;5;9496196051;B
20240131;100414;7031.000000000;1;9496196109;B
20240131;100414;7030.500000000;1;9496196132;S
20240131;100414;7031.000000000;1;9496196147;B
20240131;100414;7031.000000000;1;9496196178;B
20240131;100415;7030.500000000;28;9496196281;S
20240131;100415;7030.500000000;35;9496196282;S
20240131;100415;7030.500000000;10;9496196283;S
20240131;100416;7030.500000000;24;9496196412;B
20240131;100416;7030.500000000;50;9496196567;B
20240131;100417;7030.500000000;17;9496196617;B
20240131;100419;7030.000000000;1;9496196873;S
20240131;100419;7030.500000000;18;9496196926;B
20240131;100419;7030.500000000;6;9496197013;B
20240131;100420;7030.500000000;2;9496197219;B
20240131;100421;7030.500000000;1;9496197293;B
20240131;100423;7030.000000000;3;9496197606;S
20240131;100424;7030.500000000;1;9496197668;B
20240131;100424;7030.000000000;29;9496197751;S
20240131;100424;7030.000000000;60;9496197752;S
20240131;100424;7030.000000000;10;9496197753;S
20240131;100424;7030.000000000;1;9496197754;S
20240131;100424;7030.500000000;14;9496197762;B
20240131;100425;7030.500000000;33;9496197806;B
20240131;100426;7030.500000000;3;9496198032;B
20240131;100426;7030.500000000;2;9496198034;B
20240131;100426;7030.500000000;5;9496198079;B
20240131;100426;7030.000000000;4;9496198101;S
20240131;100426;7030.000000000;40;9496198102;S
20240131;100426;7030.000000000;150;9496198103;S
20240131;100426;7030.000000000;10;9496198104;S
20240131;100426;7030.000000000;6;9496198105;S
20240131;100426;7030.000000000;20;9496198106;S
20240131;100427;7030.000000000;77;9496198162;B
20240131;100428;7030.000000000;10;9496198321;B
20240131;100428;7030.000000000;3;9496198502;B
20240131;100429;7030.000000000;15;9496198657;B
20240131;100429;7030.000000000;5;9496198712;B
20240131;100430;7030.000000000;3;9496198850;B
20240131;100430;7030.000000000;40;9496198876;B
20240131;100430;7029.500000000;1;9496198883;S
20240131;100430;7030.000000000;1;9496198908;B
20240131;100430;7030.000000000;1;9496198928;B
20240131;100431;7029.500000000;1;9496198975;S
20240131;100431;7030.000000000;15;9496199041;B
20240131;100431;7030.000000000;1;9496199089;B
20240131;100435;7030.000000000;2;9496199661;B
20240131;100436;7030.000000000;1;9496199758;B
20240131;100436;7030.000000000;4;9496199812;B
20240131;100437;7030.000000000;1;9496199869;B
20240131;100438;7030.000000000;200;9496200056;B
20240131;100438;7030.000000000;4;9496200082;B
20240131;100438;7030.000000000;67;9496200123;B
20240131;100439;7030.000000000;1;9496200197;B
20240131;100439;7030.000000000;1;9496200206;B
20240131;100439;7030.000000000;13;9496200240;B
20240131;100439;7030.000000000;1;9496200241;B
20240131;100439;7030.000000000;9;9496200265;B
20240131;100439;7030.000000000;5;9496200286;B
20240131;100440;7030.000000000;10;9496200372;B
20240131;100440;7030.000000000;6;9496200425;B
20240131;100440;7029.500000000;8;9496200449;S
20240131;100440;7029.500000000;40;9496200450;S
20240131;100440;7029.500000000;2;9496200451;S
20240131;100440;7029.500000000;35;9496200452;S
20240131;100440;7029.500000000;10;9496200453;S
20240131;100440;7029.500000000;38;9496200454;S
20240131;100440;7029.500000000;10;9496200455;S
20240131;100440;7029.500000000;15;9496200456;S
20240131;100440;7029.500000000;43;9496200457;S
20240131;100440;7029.500000000;4;9496200468;B
20240131;100441;7029.500000000;67;9496200522;B
20240131;100441;7029.500000000;2;9496200573;B
20240131;100442;7029.000000000;9;9496200837;S
20240131;100442;7029.000000000;5;9496200838;S
20240131;100442;7029.000000000;6;9496200839;S
20240131;100442;7029.000000000;3;9496200840;S
20240131;100443;7029.500000000;12;9496200887;B
20240131;100443;7029.500000000;8;9496200888;B
20240131;100443;7029.500000000;3;9496200889;B
20240131;100443;7030.000000000;127;9496200890;B
20240131;100443;7029.500000000;10;9496200907;S
20240131;100443;7030.000000000;7;9496200930;B
20240131;100443;7030.000000000;100;9496200975;B
20240131;100443;7030.000000000;40;9496200981;B
20240131;100443;7030.000000000;10;9496200982;B
20240131;100443;7030.000000000;2;9496200983;B
20240131;100443;7030.000000000;1;9496200984;B
20240131;100443;7030.000000000;1;9496200987;S
20240131;100443;7030.000000000;1;9496200988;S
20240131;100444;7030.500000000;33;9496201076;B
20240131;100444;7030.000000000;1;9496201205;S
20240131;100445;7030.500000000;1;9496201249;B
20240131;100445;7030.500000000;1;9496201313;B
20240131;100445;7030.000000000;1;9496201433;S
20240131;100446;7030.500000000;3;9496201576;B
20240131;100447;7030.500000000;1;9496201663;B
20240131;100448;7030.000000000;4;9496201983;S
20240131;100448;7030.000000000;5;9496202002;S
20240131;100448;7030.500000000;2;9496202040;B
20240131;100449;7030.500000000;1;9496202112;B
20240131;100450;7030.500000000;1;9496202229;B
20240131;100450;7030.500000000;10;9496202231;B
20240131;100450;7030.000000000;1;9496202240;S
20240131;100450;7030.500000000;1;9496202284;B
20240131;100451;7030.500000000;1;9496202365;B
20240131;100451;7030.500000000;3;9496202377;B
20240131;100451;7030.500000000;1;9496202408;B
20240131;100452;7030.500000000;5;9496202476;B
20240131;100452;7030.500000000;1;9496202662;B
20240131;100453;7030.500000000;7;9496202841;B
20240131;100454;7030.500000000;3;9496202919;B
20240131;100456;7030.500000000;1;9496203182;B
20240131;100457;7030.500000000;175;9496203383;B
20240131;100457;7030.500000000;2;9496203384;B
20240131;100457;7030.500000000;15;9496203385;B
20240131;100457;7030.500000000;2;9496203386;B
20240131;100457;7030.500000000;20;9496203387;B
20240131;100457;7030.500000000;1;9496203388;B
20240131;100457;7030.500000000;3;9496203389;B
20240131;100457;7030.500000000;1;9496203390;B
20240131;100457;7030.500000000;3;9496203391;B
20240131;100457;7030.500000000;4;9496203392;B
20240131;100457;7031.000000000;48;9496203393;B
20240131;100457;7031.000000000;50;9496203394;B
20240131;100457;7031.000000000;2;9496203395;B
20240131;100457;7031.000000000;2;9496203396;B
20240131;100457;7031.000000000;6;9496203397;B
20240131;100457;7031.000000000;10;9496203398;B
20240131;100457;7031.000000000;15;9496203399;B
20240131;100457;7031.000000000;77;9496203400;B
20240131;100457;7031.000000000;5;9496203401;B
20240131;100457;7031.000000000;15;9496203402;B
20240131;100457;7031.000000000;1;9496203403;B
20240131;100457;7031.000000000;50;9496203404;B
20240131;100457;7031.000000000;1;9496203405;B
20240131;100457;7031.000000000;47;9496203406;B
20240131;100457;7031.000000000;11;9496203407;B
20240131;100458;7031.000000000;102;9496203477;B
20240131;100458;7031.000000000;3;9496203478;B
20240131;100458;7031.500000000;13;9496203481;B
20240131;100458;7031.500000000;1;9496203518;B
20240131;100458;7031.500000000;80;9496203543;B
20240131;100458;7031.500000000;8;9496203677;B
20240131;100459;7031.500000000;50;9496203694;B
20240131;100459;7031.500000000;48;9496203701;B
20240131;100459;7031.500000000;2;9496203702;B
20240131;100459;7031.000000000;30;9496203736;S
20240131;100459;7031.500000000;3;9496203750;B
20240131;100459;7032.000000000;6;9496203751;B
20240131;100459;7032.000000000;14;9496203752;B
20240131;100500;7032.000000000;29;9496203850;B
20240131;100500;7031.500000000;1;9496203911;S
20240131;100501;7032.000000000;5;9496204056;B
20240131;100501;7032.000000000;1;9496204079;B
20240131;100501;7032.000000000;1;9496204127;B
20240131;100501;7032.000000000;2;9496204150;B
20240131;100502;7032.000000000;1;9496204183;B
20240131;100502;7032.000000000;1;9496204269;B
20240131;100503;7032.000000000;45;9496204330;B
20240131;100503;7032.000000000;15;9496204364;B
20240131;100504;7032.000000000;44;9496204569;B
20240131;100505;7032.000000000;50;9496204593;B
20240131;100505;7032.000000000;14;9496204620;B
20240131;100505;7032.000000000;17;9496204697;B
20240131;100507;7032.000000000;100;9496204947;B
20240131;100507;7032.000000000;33;9496204996;B
20240131;100508;7031.500000000;7;9496205073;S
20240131;100508;7032.000000000;3;9496205164;B
20240131;100508;7032.000000000;2;9496205192;B
20240131;100509;7031.500000000;10;9496205350;S
20240131;100509;7032.000000000;4;9496205445;B
20240131;100510;7031.500000000;12;9496205520;S
20240131;100510;7031.500000000;2;9496205521;S
20240131;100510;7031.000000000;10;9496205522;S
20240131;100510;7031.000000000;9;9496205523;S
20240131;100510;7030.500000000;15;9496205524;S
20240131;100510;7030.500000000;5;9496205525;S
20240131;100510;7032.000000000;33;9496205583;B
20240131;100510;7032.000000000;2;9496205584;B
20240131;100510;7032.000000000;1;9496205585;B
20240131;100510;7032.000000000;5;9496205586;B
20240131;100510;7032.000000000;1;9496205587;B
20240131;100510;7032.000000000;1;9496205588;B
20240131;100510;7032.000000000;2;9496205589;B
20240131;100510;7032.000000000;2;9496205590;B
20240131;100510;7032.000000000;1;9496205591;B
20240131;100510;7032.000000000;5;9496205592;B
20240131;100510;7032.000000000;10;9496205593;B
20240131;100510;7032.500000000;50;9496205594;B
20240131;100510;7032.500000000;7;9496205595;B
20240131;100511;7032.500000000;17;9496205761;B
20240131;100511;7032.500000000;6;9496205830;B
20240131;100511;7032.500000000;1;9496205831;B
20240131;100512;7033.000000000;5;9496205904;B
20240131;100512;7033.000000000;5;9496205905;B
20240131;100512;7033.000000000;1;9496205906;B
20240131;100512;7033.000000000;3;9496205907;B
20240131;100512;7033.000000000;2;9496205908;B
20240131;100512;7033.000000000;17;9496205909;B
20240131;100512;7033.000000000;2;9496205926;B
20240131;100512;7032.500000000;1;9496206044;S
20240131;100513;7033.000000000;1;9496206204;B
20240131;100515;7032.000000000;2;9496206543;S
20240131;100516;7033.000000000;1;9496206623;B
20240131;100518;7032.000000000;9;9496207060;S
20240131;100518;7032.000000000;2;9496207061;S
20240131;100518;7032.000000000;15;9496207130;S
20240131;100519;7032.500000000;1;9496207213;S
20240131;100519;7033.000000000;3;9496207217;B
20240131;100519;7032.000000000;10;9496207239;S
20240131;100519;7032.000000000;5;9496207240;S
20240131;100519;7032.000000000;5;9496207241;S
20240131;100519;7033.000000000;9;9496207323;B
20240131;100519;7033.000000000;2;9496207324;B
20240131;100519;7033.000000000;2;9496207325;B
20240131;100519;7033.000000000;10;9496207326;B
20240131;100520;7033.500000000;5;9496207336;B
20240131;100520;7033.500000000;1;9496207352;B
20240131;100520;7034.000000000;1;9496207366;B
20240131;100520;7034.000000000;7;9496207368;B
20240131;100521;7034.000000000;1;9496207431;B
20240131;100523;7033.500000000;2;9496207817;S
20240131;100524;7034.000000000;1;9496207881;B
20240131;100524;7034.000000000;3;9496207896;B
20240131;100525;7034.000000000;1;9496207972;B
20240131;100528;7033.500000000;5;9496208398;S
20240131;100528;7034.000000000;1;9496208448;B
20240131;100528;7034.000000000;1;9496208504;B
20240131;100529;7034.000000000;1;9496208573;B
20240131;100529;7034.000000000;1;9496208598;B
20240131;100530;7034.000000000;4;9496208790;B
20240131;100530;7034.000000000;10;9496208791;B
20240131;100530;7034.000000000;2;9496208792;B
20240131;100530;7034.000000000;10;9496208793;B
20240131;100530;7034.000000000;4;9496208794;B
20240131;100531;7034.000000000;6;9496208861;B
20240131;100531;7034.000000000;2;9496208936;S
20240131;100531;7034.000000000;2;9496208950;B
20240131;100532;7033.500000000;36;9496208977;S
20240131;100532;7033.500000000;11;9496208978;S
20240131;100532;7033.500000000;3;9496208979;S
20240131;100532;7034.000000000;10;9496209056;B
20240131;100532;7034.500000000;20;9496209092;B
20240131;100532;7034.000000000;7;9496209122;B
20240131;100532;7034.500000000;28;9496209123;B
20240131;100533;7033.500000000;7;9496209172;S
20240131;100533;7033.500000000;3;9496209173;S
20240131;100533;7033.500000000;30;9496209174;S
20240131;100533;7034.500000000;6;9496209282;B
20240131;100534;7034.500000000;5;9496209318;B
20240131;100534;7033.500000000;5;9496209375;S
20240131;100534;7034.000000000;3;9496209403;B
20240131;100534;7034.000000000;10;9496209452;B
20240131;100534;7034.500000000;1;9496209453;B
20240131;100534;7034.500000000;5;9496209454;B
20240131;100534;7034.500000000;4;9496209455;B
20240131;100535;7034.000000000;3;9496209632;S
20240131;100535;7033.500000000;5;9496209633;S
20240131;100536;7034.500000000;2;9496209749;B
20240131;100537;7034.000000000;29;9496209897;B
20240131;100537;7034.000000000;9;9496209898;B
20240131;100537;7034.000000000;2;9496209899;B
20240131;100537;7034.000000000;8;9496209919;B
20240131;100537;7034.500000000;1;9496209920;B
20240131;100537;7034.500000000;60;9496209921;B
20240131;100537;7034.500000000;10;9496209922;B
20240131;100537;7035.000000000;121;9496209923;B
20240131;100538;7035.000000000;13;9496210110;B
20240131;100539;7035.000000000;67;9496210235;B
20240131;100540;7035.000000000;2;9496210349;B
20240131;100540;7034.500000000;1;9496210371;S
20240131;100540;7035.000000000;1;9496210429;B
20240131;100540;7035.000000000;59;9496210459;B
20240131;100541;7035.000000000;5;9496210517;B
20240131;100541;7035.000000000;15;9496210518;B
20240131;100542;7035.000000000;10;9496210613;B
20240131;100542;7035.000000000;2;9496210614;B
20240131;100542;7035.000000000;3;9496210683;B
20240131;100542;7035.000000000;1;9496210684;B
20240131;100546;7034.500000000;1;9496211377;S
20240131;100547;7034.500000000;1;9496211452;S
20240131;100548;7035.000000000;1;9496211578;B
20240131;100548;7035.000000000;1;9496211579;B
20240131;100548;7035.000000000;1;9496211580;B
20240131;100548;7035.000000000;5;9496211581;B
20240131;100548;7035.000000000;1;9496211582;B
20240131;100548;7035.000000000;1;9496211583;B
20240131;100548;7034.500000000;41;9496211614;S
20240131;100548;7034.500000000;25;9496211615;S
20240131;100548;7034.500000000;4;9496211616;S
20240131;100548;7034.000000000;10;9496211617;S
20240131;100548;7034.000000000;9;9496211618;S
20240131;100548;7034.000000000;11;9496211619;S
20240131;100548;7035.000000000;1;9496211681;B
20240131;100548;7035.000000000;1;9496211682;B
20240131;100548;7035.000000000;1;9496211683;B
20240131;100548;7035.000000000;29;9496211684;B
20240131;100549;7034.500000000;1;9496211733;S
20240131;100550;7035.000000000;1;9496211924;B
20240131;100550;7034.500000000;42;9496211991;S
20240131;100550;7034.500000000;11;9496211992;S
20240131;100551;7034.500000000;18;9496212077;B
20240131;100552;7034.500000000;1;9496212358;B
20240131;100553;7034.000000000;34;9496212418;S
20240131;100553;7034.000000000;16;9496212419;S
20240131;100553;7034.000000000;50;9496212420;S
20240131;100553;7034.500000000;28;9496212480;B
20240131;100553;7034.500000000;2;9496212481;B
20240131;100553;7035.000000000;1;9496212484;B
20240131;100553;7035.000000000;3;9496212485;B
20240131;100554;7035.000000000;1;9496212730;B
20240131;100559;7034.500000000;1;9496213769;S
20240131;100600;7034.500000000;2;9496213930;S
20240131;100600;7034.500000000;1;9496213960;S
20240131;100600;7034.500000000;1;9496214026;S
20240131;100600;7035.000000000;1;9496214037;B
20240131;100600;7035.000000000;1;9496214181;B
20240131;100601;7035.000000000;1;9496214249;B
20240131;100601;7034.500000000;38;9496214256;S
20240131;100601;7034.500000000;10;9496214257;S
20240131;100601;7034.000000000;24;9496214258;S
20240131;100601;7034.500000000;3;9496214268;S
20240131;100601;7034.500000000;6;9496214344;S
20240131;100601;7035.000000000;24;9496214350;B
20240131;100603;7035.000000000;3;9496214697;B
20240131;100606;7034.500000000;10;9496215046;S
20240131;100606;7035.000000000;3;9496215111;B
20240131;100608;7034.500000000;5;9496215357;B
20240131;100608;7034.500000000;21;9496215381;B
20240131;100608;7034.500000000;2;9496215457;B
20240131;100609;7035.000000000;7;9496215597;B
20240131;100609;7035.000000000;9;9496215656;B
20240131;100609;7035.000000000;6;9496215657;B
20240131;100610;7035.000000000;5;9496215787;B
20240131;100611;7035.000000000;14;9496215846;B
20240131;100611;7035.000000000;136;9496215847;B
20240131;100611;7035.000000000;50;9496215914;B
20240131;100611;7034.500000000;8;9496215935;S
20240131;100611;7035.000000000;1;9496215956;B
20240131;100612;7035.000000000;3;9496216003;B
20240131;100612;7035.000000000;5;9496216015;B
20240131;100612;7034.500000000;2;9496216041;S
20240131;100612;7034.500000000;43;9496216042;S
20240131;100612;7034.500000000;2;9496216043;S
20240131;100612;7034.000000000;10;9496216071;S
20240131;100612;7034.500000000;1;9496216135;B
20240131;100612;7034.500000000;4;9496216168;B
20240131;100612;7034.500000000;11;9496216169;B
20240131;100613;7034.000000000;3;9496216254;S
20240131;100613;7034.000000000;7;9496216326;S
20240131;100613;7034.000000000;24;9496216365;S
20240131;100613;7034.500000000;3;9496216396;B
20240131;100613;7034.000000000;1;9496216425;S
20240131;100614;7034.500000000;12;9496216471;B
20240131;100615;7034.500000000;18;9496216686;B
20240131;100615;7034.500000000;31;9496216687;B
20240131;100615;7034.500000000;41;9496216688;B
20240131;100615;7034.500000000;10;9496216689;B
20240131;100615;7035.000000000;1;9496216690;B
20240131;100616;7035.000000000;10;9496216720;B
20240131;100616;7035.000000000;2;9496216817;B
20240131;100616;7035.000000000;30;9496216823;B
20240131;100616;7035.000000000;2;9496216836;B
20240131;100617;7034.000000000;5;9496216846;S
20240131;100617;7034.000000000;10;9496216847;S
20240131;100617;7035.000000000;8;9496216973;B
20240131;100617;7034.000000000;69;9496216982;S
20240131;100617;7034.000000000;8;9496216988;S
20240131;100618;7034.500000000;5;9496217037;B
20240131;100618;7034.500000000;10;9496217076;B
20240131;100618;7034.500000000;26;9496217108;B
20240131;100619;7034.500000000;3;9496217165;B
20240131;100619;7034.000000000;2;9496217261;S
20240131;100620;7034.500000000;1;9496217335;B
20240131;100620;7034.500000000;43;9496217360;B
20240131;100620;7034.500000000;2;9496217361;B
20240131;100620;7035.000000000;2;9496217362;B
20240131;100620;7035.000000000;1;9496217363;B
20240131;100620;7035.000000000;2;9496217364;B
20240131;100620;7034.000000000;10;9496217385;S
20240131;100620;7034.000000000;1;9496217386;S
20240131;100620;7034.000000000;4;9496217387;S
20240131;100620;7034.000000000;2;9496217388;S
20240131;100620;7034.000000000;3;9496217389;S
20240131;100621;7035.000000000;8;9496217477;B
20240131;100621;7035.000000000;5;9496217478;B
20240131;100621;7035.000000000;1;9496217479;B
20240131;100621;7035.000000000;1;9496217545;B
20240131;100621;7035.000000000;4;9496217546;B
20240131;100626;7035.000000000;1;9496218265;B
20240131;100626;7035.000000000;10;9496218266;B
20240131;100626;7035.000000000;1;9496218267;B
20240131;100627;7035.000000000;4;9496218323;B
20240131;100627;7034.500000000;5;9496218324;S
20240131;100627;7035.000000000;2;9496218378;B
20240131;100628;7034.500000000;10;9496218495;S
20240131;100629;7035.000000000;3;9496218585;B
20240131;100629;7035.000000000;2;9496218680;B
20240131;100630;7034.500000000;5;9496218681;S
20240131;100630;7034.500000000;1;9496218682;S
20240131;100630;7034.500000000;2;9496218725;B
20240131;100633;7034.000000000;1;9496219346;S
20240131;100635;7034.500000000;5;9496219644;B
20240131;100635;7034.000000000;99;9496219672;S
20240131;100635;7034.000000000;1;9496219673;S
20240131;100635;7034.000000000;1;9496219675;S
20240131;100636;7034.500000000;2;9496219702;B
20240131;100636;7034.500000000;33;9496219820;B
20240131;100637;7034.000000000;5;9496219967;S
20240131;100638;7034.500000000;2;9496220047;B
20240131;100639;7034.000000000;1;9496220254;S
20240131;100641;7034.500000000;5;9496220668;B
20240131;100641;7034.500000000;3;9496220669;B
20240131;100641;7034.500000000;3;9496220773;B
20240131;100643;7034.500000000;4;9496220900;B
20240131;100643;7034.500000000;1;9496220901;B
20240131;100643;7034.000000000;3;9496220915;S
20240131;100643;7034.000000000;2;9496220916;S
20240131;100643;7034.000000000;1;9496220931;S
20240131;100643;7034.000000000;75;9496220932;S
20240131;100643;7034.000000000;3;9496220933;S
20240131;100643;7034.000000000;21;9496220934;S
20240131;100643;7034.500000000;1;9496220986;B
20240131;100643;7034.500000000;1;9496220987;B
20240131;100643;7034.500000000;35;9496221040;B
20240131;100644;7034.000000000;6;9496221156;S
20240131;100644;7034.000000000;4;9496221157;S
20240131;100645;7034.500000000;3;9496221220;B
20240131;100645;7034.500000000;7;9496221289;B
20240131;100645;7034.500000000;3;9496221290;B
20240131;100646;7034.500000000;3;9496221336;B
20240131;100646;7034.000000000;1;9496221426;S
20240131;100647;7034.500000000;1;9496221495;B
20240131;100647;7034.500000000;10;9496221591;B
20240131;100647;7034.500000000;20;9496221593;B
20240131;100648;7034.500000000;3;9496221648;B
20240131;100648;7034.500000000;20;9496221669;B
20240131;100648;7034.000000000;9;9496221743;S
20240131;100648;7034.000000000;1;9496221766;S
20240131;100648;7034.500000000;7;9496221772;B
20240131;100648;7034.500000000;2;9496221833;B
20240131;100649;7034.500000000;10;9496221850;B
20240131;100649;7034.500000000;1;9496221862;B
20240131;100649;7034.500000000;30;9496221872;B
20240131;100649;7034.500000000;1;9496221935;B
20240131;100650;7034.500000000;10;9496221995;B
20240131;100651;7034.500000000;2;9496222183;B
20240131;100651;7034.000000000;1;9496222191;S
20240131;100652;7034.500000000;1;9496222228;B
20240131;100653;7034.500000000;2;9496222418;B
20240131;100653;7034.000000000;100;9496222436;S
20240131;100653;7034.500000000;24;9496222492;B
20240131;100653;7034.500000000;11;9496222493;B
20240131;100653;7034.500000000;2;9496222494;B
20240131;100653;7034.500000000;18;9496222520;B
20240131;100653;7034.500000000;16;9496222521;B
20240131;100654;7034.000000000;1;9496222538;S
20240131;100654;7034.000000000;100;9496222556;S
20240131;100654;7034.500000000;4;9496222573;B
20240131;100654;7034.500000000;5;9496222574;B
20240131;100654;7034.500000000;3;9496222575;B
20240131;100654;7034.500000000;1;9496222636;B
20240131;100655;7034.000000000;10;9496222652;S
20240131;100655;7034.000000000;1;9496222683;S
20240131;100655;7034.500000000;34;9496222695;B
20240131;100655;7034.000000000;10;9496222739;S
20240131;100656;7034.500000000;4;9496222847;B
20240131;100659;7034.000000000;3;9496223291;S
20240131;100659;7034.000000000;99;9496223300;S
20240131;100659;7034.000000000;2;9496223301;S
20240131;100659;7034.000000000;8;9496223302;S
20240131;100659;7034.500000000;4;9496223371;B
20240131;100659;7034.500000000;10;9496223382;B
20240131;100659;7034.000000000;3;9496223385;S
20240131;100659;7034.000000000;2;9496223386;S
20240131;100659;7034.000000000;11;9496223480;B
20240131;100659;7034.000000000;10;9496223481;B
20240131;100659;7034.500000000;13;9496223482;B
20240131;100700;7034.000000000;5;9496223569;B
