<DATE>;<TIME>;<LAST>;<VOL>;<ID>;<OPER>
20240119;095951;6858.000000000;1;9445289061;S
20240119;095951;6858.000000000;1;9445289062;B
20240119;095951;6858.000000000;1;9445289063;B
20240119;095951;6858.000000000;1;9445289064;B
20240119;095951;6858.000000000;1;9445289065;B
20240119;095951;6858.000000000;2;9445289066;S
20240119;095951;6858.000000000;2;9445289067;S
20240119;095951;6858.000000000;1;9445289068;S
20240119;095951;6858.000000000;1;9445289069;S
20240119;095951;6858.000000000;2;9445289070;S
20240119;095951;6858.000000000;2;9445289071;S
20240119;095951;6858.000000000;1;9445289072;S
20240119;095951;6858.000000000;1;9445289073;S
20240119;095951;6858.000000000;1;9445289074;S
20240119;095951;6858.000000000;1;9445289075;S
20240119;095951;6858.000000000;1;9445289076;S
20240119;095951;6858.000000000;1;9445289077;S
20240119;095951;6858.000000000;1;9445289078;S
20240119;095951;6858.000000000;5;9445289079;B
20240119;095951;6858.000000000;10;9445289080;S
20240119;095951;6858.000000000;1;9445289081;S
20240119;095951;6858.000000000;4;9445289082;S
20240119;095951;6858.000000000;15;9445289083;B
20240119;095951;6858.000000000;1;9445289084;B
20240119;095951;6858.000000000;1;9445289085;S
20240119;095951;6858.000000000;20;9445289086;S
20240119;095951;6858.000000000;3;9445289087;S
20240119;095951;6858.000000000;1;9445289088;S
20240119;095951;6858.000000000;4;9445289089;S
20240119;095951;6858.000000000;1;9445289090;S
20240119;095951;6858.000000000;1;9445289091;B
20240119;095951;6858.000000000;4;9445289092;S
20240119;095951;6858.000000000;1;9445289093;S
20240119;095951;6858.000000000;1;9445289094;S
20240119;095951;6858.000000000;7;9445289095;S
20240119;095951;6858.000000000;3;9445289096;S
20240119;095951;6858.000000000;1;9445289097;S
20240119;095951;6858.000000000;2;9445289098;S
20240119;095951;6858.000000000;1;9445289099;S
20240119;095951;6858.000000000;2;9445289100;B
20240119;095951;6858.000000000;26;9445289101;B
20240119;095951;6858.000000000;6;9445289102;B
20240119;095951;6858.000000000;18;9445289103;B
20240119;095951;6858.000000000;1;9445289104;S
20240119;095951;6858.000000000;1;9445289105;S
20240119;095951;6858.000000000;2;9445289106;B
20240119;095951;6858.000000000;1;9445289107;B
20240119;095951;6858.000000000;1;9445289108;B
20240119;095951;6858.000000000;2;9445289109;S
20240119;095951;6858.000000000;1;9445289110;S
20240119;095951;6858.000000000;4;9445289111;S
20240119;095951;6858.000000000;2;9445289112;S
20240119;095951;6858.000000000;13;9445289113;S
20240119;100000;6860.000000000;2;9445290775;B
20240119;100000;6860.000000000;8;9445290776;B
20240119;100000;6860.000000000;1;9445290781;B
20240119;100000;6860.000000000;1;9445290782;B
20240119;100000;6862.000000000;4;9445290893;B
20240119;100000;6865.000000000;1;9445291036;B
20240119;100000;6866.500000000;1;9445291044;B
20240119;100000;6865.500000000;4;9445291048;S
20240119;100000;6866.500000000;9;9445291078;B
20240119;100000;6866.500000000;4;9445291079;B
20240119;100000;6866.500000000;7;9445291081;S
20240119;100000;6867.000000000;1;9445291095;B
20240119;100000;6867.000000000;39;9445291096;B
20240119;100000;6867.500000000;70;9445291105;B
20240119;100000;6868.000000000;2;9445291106;B
20240119;100000;6868.000000000;328;9445291107;B
20240119;100000;6868.000000000;17;9445291113;B
20240119;100000;6868.000000000;40;9445291119;B
20240119;100000;6868.000000000;215;9445291146;B
20240119;100000;6868.500000000;41;9445291147;B
20240119;100000;6868.500000000;1;9445291148;B
20240119;100000;6868.500000000;2;9445291149;B
20240119;100000;6868.500000000;11;9445291150;B
20240119;100000;6868.500000000;36;9445291151;B
20240119;100000;6868.500000000;60;9445291152;B
20240119;100000;6868.500000000;34;9445291153;B
20240119;100000;6868.500000000;16;9445291158;B
20240119;100000;6869.000000000;1;9445291178;B
20240119;100000;6869.000000000;5;9445291179;B
20240119;100000;6869.000000000;194;9445291180;B
20240119;100000;6869.000000000;6;9445291181;B
20240119;100000;6869.000000000;11;9445291182;B
20240119;100000;6869.500000000;11;9445291183;B
20240119;100000;6869.500000000;6;9445291184;B
20240119;100000;6870.000000000;1;9445291185;B
20240119;100000;6870.000000000;1;9445291186;B
20240119;100000;6870.000000000;6;9445291187;B
20240119;100000;6870.000000000;238;9445291188;B
20240119;100000;6870.000000000;4;9445291189;B
20240119;100000;6870.000000000;131;9445291191;B
20240119;100000;6870.000000000;77;9445291192;B
20240119;100000;6870.000000000;182;9445291193;B
20240119;100000;6870.000000000;28;9445291194;B
20240119;100000;6870.000000000;13;9445291195;B
20240119;100000;6870.000000000;54;9445291197;B
20240119;100000;6871.000000000;8;9445291198;B
20240119;100000;6875.000000000;1;9445291199;B
20240119;100000;6875.000000000;20;9445291200;B
20240119;100000;6875.500000000;4;9445291201;B
20240119;100000;6876.000000000;30;9445291202;B
20240119;100000;6876.000000000;7;9445291203;B
20240119;100000;6876.000000000;30;9445291204;B
20240119;100000;6877.500000000;44;9445291205;B
20240119;100000;6878.000000000;2;9445291206;B
20240119;100000;6877.500000000;10;9445291210;B
20240119;100000;6877.500000000;10;9445291212;B
20240119;100000;6877.500000000;1;9445291249;S
20240119;100000;6877.500000000;24;9445291268;S
20240119;100000;6877.500000000;5;9445291309;S
20240119;100000;6877.500000000;10;9445291310;S
20240119;100000;6877.500000000;28;9445291311;S
20240119;100000;6877.500000000;2;9445291352;S
20240119;100001;6877.500000000;4;9445291396;S
20240119;100001;6877.500000000;4;9445291498;S
20240119;100001;6877.500000000;12;9445291536;S
20240119;100001;6877.500000000;40;9445291537;S
20240119;100001;6877.000000000;1;9445291596;S
20240119;100001;6877.000000000;9;9445291609;S
20240119;100001;6877.000000000;10;9445291610;S
20240119;100001;6877.000000000;8;9445291611;S
20240119;100001;6877.000000000;20;9445291672;S
20240119;100001;6877.000000000;2;9445291766;S
20240119;100001;6877.500000000;1;9445291776;B
20240119;100002;6877.000000000;1;9445291855;S
20240119;100002;6877.000000000;2;9445291944;S
20240119;100002;6877.000000000;1;9445292083;S
20240119;100002;6877.000000000;16;9445292101;S
20240119;100002;6877.000000000;10;9445292102;S
20240119;100002;6877.000000000;24;9445292103;S
20240119;100002;6877.000000000;4;9445292124;S
20240119;100002;6877.000000000;12;9445292136;S
20240119;100002;6877.000000000;50;9445292137;S
20240119;100002;6877.000000000;10;9445292138;S
20240119;100002;6871.500000000;10;9445292141;B
20240119;100002;6871.500000000;10;9445292142;B
20240119;100002;6871.500000000;10;9445292143;B
20240119;100002;6871.000000000;10;9445292144;S
20240119;100002;6870.500000000;40;9445292145;S
20240119;100002;6871.000000000;40;9445292147;B
20240119;100002;6871.000000000;10;9445292148;B
20240119;100002;6871.000000000;10;9445292150;B
20240119;100002;6871.000000000;10;9445292151;B
20240119;100002;6871.000000000;10;9445292152;B
20240119;100002;6871.000000000;10;9445292153;B
20240119;100002;6871.000000000;10;9445292154;B
20240119;100002;6871.000000000;35;9445292155;B
20240119;100002;6871.000000000;15;9445292156;B
20240119;100002;6871.000000000;15;9445292157;B
20240119;100002;6871.000000000;5;9445292158;B
20240119;100003;6867.500000000;15;9445292235;S
20240119;100003;6867.500000000;11;9445292236;B
20240119;100003;6876.000000000;11;9445292237;B
20240119;100003;6876.000000000;9;9445292266;S
20240119;100003;6876.000000000;20;9445292267;S
20240119;100003;6875.500000000;1;9445292288;S
20240119;100003;6875.500000000;9;9445292416;S
20240119;100003;6875.500000000;36;9445292417;S
20240119;100004;6875.500000000;14;9445293083;S
20240119;100004;6875.500000000;1;9445293182;B
20240119;100004;6867.500000000;8;9445293430;S
20240119;100005;6867.000000000;4;9445293540;S
20240119;100005;6874.000000000;20;9445293541;B
20240119;100005;6867.500000000;10;9445293713;S
20240119;100005;6867.500000000;10;9445293714;S
20240119;100005;6867.000000000;4;9445294577;S
20240119;100005;6875.000000000;1;9445294893;B
20240119;100006;6872.500000000;1;9445295776;B
20240119;100006;6872.500000000;44;9445295948;B
20240119;100006;6872.500000000;48;9445295949;B
20240119;100006;6873.000000000;114;9445295950;B
20240119;100006;6873.500000000;7;9445295951;B
20240119;100006;6878.000000000;30;9445295952;B
20240119;100006;6878.000000000;88;9445295953;B
20240119;100006;6878.500000000;9;9445295954;B
20240119;100006;6878.500000000;50;9445295955;B
20240119;100006;6879.000000000;100;9445295956;B
20240119;100006;6879.500000000;10;9445295957;B
20240119;100006;6880.000000000;100;9445295958;B
20240119;100006;6880.000000000;1;9445295959;B
20240119;100006;6880.000000000;1;9445295960;B
20240119;100006;6880.000000000;12;9445295961;B
20240119;100006;6880.000000000;43;9445295962;B
20240119;100006;6880.500000000;300;9445295963;B
20240119;100006;6882.000000000;3;9445295964;B
20240119;100006;6882.000000000;15;9445295965;B
20240119;100006;6882.000000000;1;9445295966;B
20240119;100006;6882.000000000;13;9445295967;B
20240119;100006;6883.000000000;1;9445295968;B
20240119;100006;6880.500000000;1;9445296053;B
20240119;100006;6877.500000000;10;9445296104;S
20240119;100006;6872.000000000;1;9445296161;S
20240119;100006;6881.000000000;7;9445296259;B
20240119;100007;6881.000000000;10;9445296323;B
20240119;100007;6881.000000000;1;9445296408;B
20240119;100007;6881.000000000;5;9445296422;B
20240119;100007;6876.000000000;10;9445296445;S
20240119;100007;6873.500000000;8;9445296447;S
20240119;100007;6873.000000000;88;9445296448;S
20240119;100007;6872.500000000;274;9445296449;S
20240119;100007;6877.500000000;2;9445296507;B
20240119;100010;6877.500000000;16;9445297455;B
20240119;100010;6878.000000000;1;9445297651;B
20240119;100010;6879.000000000;2;9445297767;B
20240119;100010;6878.500000000;2;9445297970;B
20240119;100012;6873.000000000;50;9445298434;S
20240119;100014;6875.000000000;3;9445298826;B
20240119;100015;6875.000000000;1;9445299124;B
20240119;100016;6875.000000000;3;9445299353;B
20240119;100016;6869.000000000;12;9445299647;S
20240119;100016;6874.500000000;1;9445299665;B
20240119;100018;6867.000000000;1;9445299982;S
20240119;100027;6867.500000000;1;9445301962;B
20240119;100030;6867.500000000;1;9445302744;B
20240119;100030;6867.500000000;1;9445302745;B
20240119;100033;6867.500000000;43;9445303390;B
20240119;100033;6868.000000000;57;9445303391;B
20240119;100034;6867.500000000;1;9445303459;B
20240119;100035;6865.500000000;25;9445303869;S
20240119;100036;6867.500000000;2;9445303938;B
20240119;100037;6867.500000000;41;9445304184;B
20240119;100037;6868.000000000;228;9445304185;B
20240119;100045;6871.000000000;1;9445305520;B
20240119;100047;6871.000000000;7;9445305896;B
20240119;100048;6866.500000000;1;9445306072;S
20240119;100050;6871.000000000;3;9445306519;B
20240119;100053;6871.000000000;46;9445306923;B
20240119;100053;6871.500000000;4;9445306924;B
20240119;100053;6867.000000000;1;9445306948;S
20240119;100057;6871.500000000;21;9445307986;B
20240119;100058;6871.000000000;1;9445308032;B
20240119;100058;6871.500000000;50;9445308062;B
20240119;100059;6871.500000000;1;9445308179;B
20240119;100100;6869.500000000;6;9445308369;S
20240119;100100;6868.000000000;6;9445308379;S
20240119;100100;6867.500000000;11;9445308380;S
20240119;100100;6867.000000000;1;9445308381;S
20240119;100100;6866.500000000;52;9445308382;S
20240119;100101;6868.000000000;1;9445308820;B
20240119;100101;6866.000000000;1;9445308822;S
20240119;100101;6866.000000000;14;9445308823;S
20240119;100101;6865.000000000;6;9445308824;S
20240119;100102;6865.000000000;35;9445308842;S
20240119;100108;6868.000000000;9;9445309758;B
20240119;100108;6868.000000000;1;9445309759;B
20240119;100110;6865.000000000;20;9445310024;S
20240119;100110;6865.000000000;1;9445310086;S
20240119;100111;6868.000000000;1;9445310278;B
20240119;100120;6865.500000000;7;9445311533;S
20240119;100121;6867.500000000;4;9445311742;B
20240119;100122;6867.000000000;4;9445311880;S
20240119;100122;6865.500000000;1;9445311881;S
20240119;100122;6865.000000000;3;9445311882;S
20240119;100122;6865.000000000;2;9445311883;S
20240119;100124;6865.500000000;15;9445312414;S
20240119;100124;6865.500000000;14;9445312415;S
20240119;100125;6865.000000000;9;9445312742;S
20240119;100130;6865.000000000;1;9445313513;S
20240119;100132;6865.500000000;5;9445313699;B
20240119;100132;6867.500000000;3;9445313700;B
20240119;100132;6867.500000000;1;9445313701;B
20240119;100132;6868.000000000;15;9445313702;B
20240119;100132;6868.000000000;14;9445313703;B
20240119;100132;6870.000000000;12;9445313704;B
20240119;100133;6870.000000000;1;9445313866;B
20240119;100135;6870.000000000;1;9445314121;S
20240119;100139;6871.000000000;24;9445314931;B
20240119;100140;6870.000000000;2;9445314978;S
20240119;100140;6870.000000000;31;9445314979;B
20240119;100142;6870.000000000;1;9445315235;B
20240119;100142;6870.000000000;50;9445315265;B
20240119;100142;6870.000000000;2;9445315325;B
20240119;100144;6869.500000000;10;9445315454;S
20240119;100144;6869.500000000;20;9445315455;S
20240119;100144;6867.500000000;4;9445315456;S
20240119;100144;6866.500000000;26;9445315457;S
20240119;100144;6866.000000000;36;9445315458;S
20240119;100144;6865.500000000;2;9445315459;S
20240119;100144;6865.500000000;32;9445315460;S
20240119;100146;6869.000000000;1;9445315641;B
20240119;100146;6866.500000000;31;9445315783;S
20240119;100146;6866.000000000;13;9445315784;S
20240119;100146;6865.000000000;26;9445315785;S
20240119;100148;6865.500000000;1;9445315948;S
20240119;100150;6869.500000000;3;9445316120;B
20240119;100151;6869.500000000;2;9445316366;B
20240119;100154;6869.000000000;1;9445316674;B
20240119;100156;6869.000000000;3;9445316911;B
20240119;100202;6865.500000000;6;9445317612;S
20240119;100202;6865.500000000;46;9445317613;S
20240119;100202;6865.500000000;11;9445317614;S
20240119;100204;6868.500000000;2;9445317884;B
20240119;100211;6867.500000000;1;9445318735;S
20240119;100212;6867.500000000;2;9445318766;S
20240119;100212;6867.500000000;13;9445318767;S
20240119;100216;6868.000000000;2;9445319182;S
20240119;100216;6868.000000000;30;9445319183;S
20240119;100216;6867.500000000;8;9445319184;S
20240119;100217;6869.000000000;6;9445319252;B
20240119;100217;6869.000000000;1;9445319253;B
20240119;100217;6869.000000000;6;9445319254;B
20240119;100217;6869.000000000;13;9445319274;B
20240119;100217;6869.000000000;4;9445319311;B
20240119;100217;6869.000000000;4;9445319327;B
20240119;100218;6868.000000000;1;9445319449;S
20240119;100218;6868.000000000;30;9445319450;S
20240119;100218;6867.500000000;9;9445319451;S
20240119;100218;6867.500000000;12;9445319469;S
20240119;100219;6869.000000000;23;9445319640;B
20240119;100219;6869.500000000;2;9445319641;B
20240119;100219;6869.500000000;1;9445319662;B
20240119;100222;6867.500000000;1;9445319919;S
20240119;100222;6867.500000000;7;9445319920;S
20240119;100223;6867.500000000;4;9445320000;S
20240119;100227;6868.500000000;1;9445320617;S
20240119;100227;6868.500000000;3;9445320618;S
20240119;100228;6868.000000000;10;9445320818;S
20240119;100228;6868.000000000;1;9445320958;S
20240119;100229;6868.000000000;8;9445321033;S
20240119;100230;6867.000000000;1;9445321255;S
20240119;100230;6867.000000000;5;9445321272;S
20240119;100232;6867.000000000;16;9445321513;S
20240119;100233;6868.000000000;10;9445321599;B
20240119;100233;6867.000000000;4;9445321677;S
20240119;100234;6867.000000000;2;9445321806;S
20240119;100234;6867.000000000;8;9445321855;S
20240119;100235;6868.000000000;4;9445321909;B
20240119;100235;6869.500000000;2;9445321910;B
20240119;100235;6869.000000000;4;9445322032;S
20240119;100236;6869.000000000;2;9445322075;S
20240119;100236;6869.000000000;8;9445322076;S
20240119;100236;6869.500000000;5;9445322106;B
20240119;100236;6869.500000000;2;9445322107;B
20240119;100236;6869.500000000;2;9445322146;B
20240119;100236;6869.500000000;19;9445322147;B
20240119;100237;6869.500000000;25;9445322388;B
20240119;100237;6870.000000000;4;9445322389;B
20240119;100237;6870.000000000;13;9445322432;B
20240119;100238;6870.000000000;1;9445322515;B
20240119;100238;6870.000000000;28;9445322524;B
20240119;100239;6869.000000000;4;9445322675;S
20240119;100239;6870.000000000;7;9445322716;B
20240119;100239;6869.000000000;4;9445322791;S
20240119;100240;6869.000000000;20;9445322804;S
20240119;100240;6869.000000000;30;9445322805;S
20240119;100241;6868.500000000;2;9445322900;S
20240119;100242;6869.000000000;1;9445323020;B
20240119;100242;6868.500000000;1;9445323021;S
20240119;100242;6868.500000000;2;9445323048;S
20240119;100243;6868.500000000;2;9445323157;S
20240119;100243;6868.500000000;10;9445323178;S
20240119;100243;6868.500000000;2;9445323243;S
20240119;100244;6868.500000000;1;9445323257;S
20240119;100244;6868.500000000;1;9445323258;S
20240119;100244;6868.500000000;5;9445323261;S
20240119;100244;6867.500000000;1;9445323328;S
20240119;100244;6867.500000000;14;9445323329;S
20240119;100245;6867.000000000;4;9445323373;S
20240119;100246;6868.500000000;1;9445323495;B
20240119;100247;6867.000000000;8;9445323556;S
20240119;100247;6868.500000000;2;9445323634;B
20240119;100250;6868.000000000;1;9445323987;S
20240119;100250;6868.000000000;15;9445323988;S
20240119;100251;6867.000000000;2;9445324133;S
20240119;100252;6867.000000000;2;9445324210;S
20240119;100253;6867.000000000;3;9445324330;S
20240119;100254;6868.500000000;4;9445324547;B
20240119;100254;6868.500000000;4;9445324584;B
20240119;100254;6867.500000000;1;9445324591;S
20240119;100254;6867.500000000;7;9445324592;S
20240119;100255;6868.500000000;33;9445324636;B
20240119;100255;6868.500000000;12;9445324637;B
20240119;100255;6869.000000000;5;9445324638;B
20240119;100255;6867.000000000;2;9445324673;S
20240119;100255;6867.000000000;8;9445324685;S
20240119;100255;6867.000000000;2;9445324692;S
20240119;100256;6867.000000000;6;9445324729;S
20240119;100256;6867.000000000;4;9445324738;S
20240119;100257;6868.500000000;44;9445324898;B
20240119;100257;6868.500000000;2;9445324899;B
20240119;100257;6869.000000000;154;9445324900;B
20240119;100257;6868.500000000;2;9445324937;B
20240119;100257;6868.500000000;2;9445324966;B
20240119;100259;6867.500000000;1;9445325131;S
20240119;100259;6867.500000000;2;9445325138;S
20240119;100300;6867.500000000;3;9445325194;S
20240119;100301;6867.500000000;4;9445325362;S
20240119;100303;6867.500000000;4;9445325667;S
20240119;100305;6868.500000000;1;9445326140;S
20240119;100305;6867.500000000;1;9445326141;S
20240119;100305;6867.500000000;2;9445326142;S
20240119;100306;6867.500000000;2;9445326224;S
20240119;100307;6869.000000000;2;9445326518;B
20240119;100307;6869.000000000;3;9445326519;B
20240119;100308;6867.500000000;8;9445326649;S
20240119;100310;6867.500000000;4;9445326844;S
20240119;100312;6867.500000000;20;9445327005;S
20240119;100312;6867.500000000;4;9445327006;S
20240119;100312;6868.000000000;2;9445327045;B
20240119;100312;6868.500000000;5;9445327046;B
20240119;100312;6867.500000000;2;9445327100;S
20240119;100313;6867.500000000;5;9445327143;S
20240119;100314;6867.500000000;3;9445327359;S
20240119;100315;6867.500000000;3;9445327456;S
20240119;100316;6868.500000000;4;9445327506;B
20240119;100317;6868.500000000;1;9445327600;B
20240119;100317;6867.500000000;1;9445327604;S
20240119;100318;6868.500000000;8;9445327716;B
20240119;100320;6867.500000000;2;9445327976;S
20240119;100320;6867.500000000;5;9445328074;S
20240119;100322;6867.500000000;1;9445328274;S
20240119;100322;6867.500000000;2;9445328288;S
20240119;100324;6867.500000000;16;9445328666;S
20240119;100325;6868.000000000;3;9445328784;B
20240119;100325;6868.000000000;10;9445328785;B
20240119;100328;6868.000000000;5;9445329070;S
20240119;100328;6868.500000000;5;9445329151;B
20240119;100329;6868.500000000;1;9445329325;B
20240119;100329;6868.000000000;32;9445329364;S
20240119;100329;6867.500000000;18;9445329365;S
20240119;100330;6868.500000000;2;9445329396;B
20240119;100330;6868.500000000;22;9445329397;B
20240119;100331;6867.500000000;2;9445329554;S
20240119;100333;6867.500000000;17;9445329789;S
20240119;100334;6867.500000000;2;9445329952;S
20240119;100335;6867.500000000;2;9445330154;S
20240119;100336;6867.500000000;2;9445330299;S
20240119;100338;6868.000000000;1;9445330553;B
20240119;100339;6867.500000000;2;9445330611;S
20240119;100341;6868.000000000;7;9445330777;B
20240119;100341;6868.000000000;2;9445330819;B
20240119;100341;6868.000000000;14;9445330820;B
20240119;100342;6868.500000000;4;9445331035;B
20240119;100345;6868.000000000;2;9445331462;S
20240119;100345;6868.000000000;1;9445331504;S
20240119;100346;6868.500000000;1;9445331603;B
20240119;100349;6868.000000000;2;9445332063;S
20240119;100350;6868.000000000;1;9445332143;S
20240119;100357;6868.000000000;5;9445333111;S
20240119;100359;6868.500000000;3;9445333416;B
20240119;100359;6869.000000000;5;9445333417;B
20240119;100359;6869.000000000;8;9445333418;B
20240119;100359;6869.000000000;2;9445333419;B
20240119;100359;6869.000000000;2;9445333420;B
20240119;100401;6868.000000000;3;9445333646;S
20240119;100401;6868.000000000;1;9445333647;S
20240119;100401;6868.000000000;10;9445333648;S
20240119;100401;6868.000000000;2;9445333669;S
20240119;100403;6868.500000000;6;9445333881;S
20240119;100403;6868.500000000;10;9445333894;S
20240119;100403;6868.500000000;1;9445333952;S
20240119;100403;6868.000000000;1;9445333953;S
20240119;100404;6868.500000000;1;9445334097;S
20240119;100406;6868.000000000;3;9445334335;S
20240119;100408;6868.000000000;2;9445334660;S
20240119;100411;6868.500000000;1;9445335336;B
20240119;100411;6869.000000000;2;9445335377;B
20240119;100411;6869.000000000;2;9445335378;B
20240119;100411;6869.000000000;4;9445335379;B
20240119;100411;6869.000000000;1;9445335380;B
20240119;100411;6869.000000000;5;9445335381;B
20240119;100411;6869.000000000;8;9445335382;B
20240119;100412;6868.000000000;2;9445335611;S
20240119;100413;6868.000000000;4;9445335663;S
20240119;100414;6868.000000000;6;9445335759;S
20240119;100414;6868.000000000;2;9445335760;S
20240119;100418;6867.500000000;8;9445336196;S
20240119;100418;6867.500000000;30;9445336216;S
20240119;100428;6868.000000000;16;9445337942;S
20240119;100429;6868.000000000;1;9445338055;S
20240119;100432;6868.000000000;1;9445338368;S
20240119;100432;6869.000000000;1;9445338426;B
20240119;100433;6869.000000000;1;9445338549;B
20240119;100433;6868.000000000;2;9445338553;S
20240119;100433;6868.000000000;3;9445338666;S
20240119;100434;6868.000000000;7;9445338747;S
20240119;100434;6868.000000000;14;9445338748;S
20240119;100436;6867.500000000;1;9445339022;S
20240119;100437;6867.500000000;1;9445339345;S
20240119;100440;6868.000000000;1;9445339850;B
20240119;100444;6868.000000000;5;9445340297;B
20240119;100444;6869.000000000;5;9445340298;B
20240119;100444;6869.000000000;1;9445340326;B
20240119;100444;6869.000000000;1;9445340327;B
20240119;100444;6869.000000000;1;9445340328;B
20240119;100444;6869.000000000;1;9445340329;B
20240119;100444;6869.000000000;2;9445340330;B
20240119;100444;6869.000000000;1;9445340331;B
20240119;100444;6869.000000000;1;9445340332;B
20240119;100444;6869.000000000;1;9445340333;B
20240119;100444;6869.000000000;1;9445340334;B
20240119;100444;6869.000000000;1;9445340335;B
20240119;100444;6869.000000000;2;9445340338;B
20240119;100444;6869.000000000;1;9445340339;B
20240119;100444;6869.000000000;3;9445340340;B
20240119;100444;6869.000000000;3;9445340341;B
20240119;100444;6869.000000000;1;9445340342;B
20240119;100444;6869.000000000;2;9445340343;B
20240119;100444;6869.000000000;1;9445340344;B
20240119;100444;6869.000000000;4;9445340345;B
20240119;100444;6869.000000000;1;9445340346;B
20240119;100444;6869.000000000;2;9445340347;B
20240119;100444;6869.000000000;3;9445340348;B
20240119;100444;6869.000000000;1;9445340353;B
20240119;100444;6869.000000000;1;9445340354;B
20240119;100444;6869.000000000;3;9445340355;B
20240119;100444;6869.000000000;3;9445340356;B
20240119;100444;6869.000000000;1;9445340357;B
20240119;100444;6869.000000000;1;9445340358;B
20240119;100444;6869.000000000;1;9445340369;B
20240119;100444;6869.000000000;7;9445340370;B
20240119;100444;6869.000000000;1;9445340371;B
20240119;100444;6869.000000000;1;9445340372;B
20240119;100444;6869.000000000;1;9445340373;B
20240119;100444;6869.000000000;1;9445340374;B
20240119;100444;6869.000000000;1;9445340375;B
20240119;100444;6869.000000000;2;9445340376;B
20240119;100444;6869.000000000;3;9445340377;B
20240119;100444;6869.000000000;2;9445340378;B
20240119;100444;6869.000000000;1;9445340379;B
20240119;100444;6869.000000000;1;9445340380;B
20240119;100444;6869.000000000;6;9445340381;B
20240119;100444;6869.000000000;2;9445340382;B
20240119;100444;6869.000000000;1;9445340383;B
20240119;100444;6869.000000000;2;9445340384;B
20240119;100444;6869.000000000;2;9445340385;B
20240119;100444;6869.000000000;2;9445340386;B
20240119;100444;6869.000000000;1;9445340387;B
20240119;100444;6869.000000000;4;9445340388;B
20240119;100444;6869.000000000;4;9445340389;B
20240119;100444;6869.000000000;1;9445340390;B
20240119;100444;6869.000000000;1;9445340391;B
20240119;100444;6869.000000000;2;9445340392;B
20240119;100444;6869.000000000;1;9445340393;B
20240119;100444;6869.000000000;1;9445340394;B
20240119;100444;6870.000000000;2;9445340395;B
20240119;100444;6870.000000000;1;9445340396;B
20240119;100444;6870.000000000;1;9445340399;B
20240119;100444;6870.000000000;1;9445340400;B
20240119;100444;6870.000000000;1;9445340401;B
20240119;100444;6870.000000000;4;9445340402;B
20240119;100444;6870.000000000;1;9445340403;B
20240119;100444;6870.000000000;5;9445340404;B
20240119;100444;6870.000000000;1;9445340405;B
20240119;100444;6870.000000000;2;9445340406;B
20240119;100444;6870.000000000;1;9445340407;B
20240119;100444;6870.000000000;3;9445340408;B
20240119;100445;6869.000000000;1;9445340622;B
20240119;100445;6870.000000000;1;9445340623;B
20240119;100445;6870.000000000;3;9445340624;B
20240119;100445;6870.000000000;1;9445340625;B
20240119;100445;6870.000000000;3;9445340627;B
20240119;100446;6868.000000000;2;9445340736;S
20240119;100451;6868.000000000;2;9445341342;S
20240119;100454;6870.000000000;2;9445341856;B
20240119;100455;6868.000000000;2;9445341878;S
20240119;100456;6868.000000000;1;9445342009;S
20240119;100459;6868.500000000;4;9445342365;S
20240119;100459;6870.000000000;3;9445342369;B
20240119;100500;6869.000000000;1;9445342483;B
20240119;100502;6868.000000000;1;9445342764;S
20240119;100502;6869.000000000;3;9445342791;B
20240119;100502;6869.000000000;2;9445342816;S
20240119;100502;6869.000000000;1;9445342841;S
20240119;100504;6869.000000000;2;9445343021;S
20240119;100504;6869.500000000;10;9445343056;B
20240119;100505;6869.000000000;2;9445343155;S
20240119;100505;6869.000000000;1;9445343156;S
20240119;100508;6869.000000000;1;9445343570;B
20240119;100508;6869.500000000;14;9445343571;B
20240119;100508;6869.500000000;6;9445343666;S
20240119;100510;6870.000000000;1;9445343811;B
20240119;100510;6870.000000000;5;9445343884;B
20240119;100510;6870.000000000;7;9445343889;B
20240119;100510;6870.000000000;8;9445343890;B
20240119;100510;6869.500000000;10;9445343903;S
20240119;100510;6869.500000000;8;9445343912;S
20240119;100511;6869.500000000;2;9445343971;S
20240119;100511;6869.500000000;2;9445344046;S
20240119;100511;6869.500000000;2;9445344136;S
20240119;100515;6870.000000000;1;9445344653;B
20240119;100517;6869.500000000;24;9445344853;S
20240119;100517;6869.500000000;14;9445344854;S
20240119;100517;6868.500000000;21;9445344855;S
20240119;100518;6870.000000000;2;9445344971;B
20240119;100519;6869.000000000;7;9445345100;S
20240119;100520;6869.000000000;43;9445345305;S
20240119;100522;6868.500000000;2;9445345735;S
20240119;100524;6868.500000000;4;9445346073;S
20240119;100525;6868.000000000;2;9445346233;S
20240119;100529;6868.500000000;14;9445346642;B
20240119;100529;6868.500000000;16;9445346643;B
20240119;100529;6868.000000000;2;9445346648;S
20240119;100535;6868.000000000;4;9445347394;S
20240119;100543;6869.000000000;1;9445348381;B
20240119;100543;6868.000000000;2;9445348384;S
20240119;100543;6868.000000000;2;9445348453;S
20240119;100545;6869.000000000;1;9445348733;B
20240119;100547;6868.500000000;2;9445348914;B
20240119;100549;6868.000000000;10;9445349205;S
20240119;100553;6868.000000000;1;9445349957;S
20240119;100554;6868.000000000;7;9445350063;S
20240119;100554;6868.000000000;5;9445350064;S
20240119;100558;6868.500000000;28;9445350519;B
20240119;100602;6868.500000000;2;9445351082;S
20240119;100607;6868.500000000;2;9445351573;S
20240119;100610;6869.000000000;1;9445351764;B
20240119;100614;6869.000000000;2;9445352287;B
20240119;100614;6869.000000000;2;9445352288;B
20240119;100614;6869.000000000;15;9445352289;B
20240119;100614;6869.000000000;1;9445352290;B
20240119;100614;6869.000000000;10;9445352291;B
20240119;100614;6869.000000000;3;9445352361;B
20240119;100614;6869.000000000;4;9445352362;B
20240119;100616;6869.000000000;6;9445352552;B
20240119;100616;6869.000000000;1;9445352553;B
20240119;100616;6869.000000000;1;9445352554;B
20240119;100616;6869.000000000;2;9445352555;B
20240119;100616;6869.000000000;4;9445352556;B
20240119;100620;6869.000000000;26;9445352842;S
20240119;100620;6868.500000000;1;9445352855;S
20240119;100621;6869.000000000;17;9445353028;B
20240119;100625;6868.500000000;14;9445353284;S
20240119;100625;6868.500000000;1;9445353285;S
20240119;100625;6868.000000000;1;9445353286;S
20240119;100625;6868.000000000;54;9445353287;S
20240119;100625;6868.000000000;1;9445353288;S
20240119;100625;6868.000000000;16;9445353289;S
20240119;100625;6868.000000000;4;9445353290;S
20240119;100625;6868.000000000;4;9445353291;S
20240119;100625;6867.500000000;5;9445353292;S
20240119;100625;6867.500000000;132;9445353293;S
20240119;100625;6867.500000000;10;9445353294;S
20240119;100625;6866.500000000;21;9445353295;S
20240119;100625;6867.500000000;29;9445353340;B
20240119;100626;6867.500000000;5;9445353523;B
20240119;100628;6868.000000000;1;9445353684;B
20240119;100632;6868.500000000;2;9445354275;B
20240119;100633;6867.500000000;50;9445354434;B
20240119;100633;6868.000000000;15;9445354435;B
20240119;100633;6868.000000000;79;9445354436;B
20240119;100633;6868.500000000;50;9445354437;B
20240119;100633;6868.500000000;15;9445354438;B
20240119;100633;6868.500000000;156;9445354439;S
20240119;100634;6867.000000000;6;9445354638;S
20240119;100640;6866.500000000;44;9445355255;S
20240119;100640;6866.000000000;15;9445355256;S
20240119;100640;6866.000000000;50;9445355257;S
20240119;100640;6865.500000000;15;9445355258;S
20240119;100640;6865.000000000;26;9445355259;S
20240119;100641;6866.000000000;6;9445355394;S
20240119;100641;6866.000000000;2;9445355442;S
20240119;100641;6867.000000000;2;9445355464;S
20240119;100646;6868.000000000;15;9445356034;B
20240119;100651;6866.500000000;2;9445356502;S
20240119;100653;6867.000000000;2;9445356702;B
20240119;100653;6866.500000000;1;9445356792;S
20240119;100655;6866.500000000;4;9445356996;S
20240119;100655;6866.500000000;40;9445356997;S
20240119;100659;6867.000000000;15;9445357366;B
20240119;100659;6867.000000000;50;9445357367;B
20240119;100659;6867.000000000;67;9445357368;B
20240119;100659;6867.500000000;50;9445357369;B
20240119;100659;6868.000000000;1;9445357370;B
20240119;100659;6868.500000000;2;9445357371;B
20240119;100659;6869.000000000;2;9445357372;B
20240119;100659;6869.000000000;2;9445357373;B
20240119;100659;6869.000000000;8;9445357374;B
20240119;100659;6869.000000000;15;9445357375;B
20240119;100659;6869.500000000;88;9445357376;B
20240119;100710;6866.500000000;2;9445358616;S
20240119;100712;6866.500000000;1;9445358815;S
20240119;100718;6869.000000000;1;9445359615;B
20240119;100722;6866.500000000;8;9445360205;S
20240119;100722;6866.500000000;2;9445360206;S
20240119;100723;6866.500000000;2;9445360339;B
20240119;100729;6867.500000000;3;9445361419;B
20240119;100734;6867.500000000;1;9445362228;B
20240119;100734;6866.000000000;2;9445362309;S
20240119;100736;6866.000000000;5;9445362528;S
20240119;100736;6866.000000000;1;9445362529;S
20240119;100737;6867.500000000;1;9445362635;B
20240119;100741;6867.500000000;3;9445363150;B
20240119;100746;6866.500000000;5;9445363831;S
20240119;100747;6866.500000000;5;9445364075;S
20240119;100748;6866.500000000;1;9445364124;B
20240119;100748;6866.500000000;4;9445364208;B
20240119;100748;6867.000000000;1;9445364209;B
20240119;100751;6867.000000000;2;9445364484;B
20240119;100752;6866.000000000;1;9445364645;S
20240119;100754;6867.000000000;20;9445364802;S
20240119;100754;6868.000000000;11;9445364883;B
20240119;100756;6868.500000000;1;9445365052;B
20240119;100758;6867.000000000;30;9445365375;S
20240119;100758;6867.000000000;12;9445365376;S
20240119;100758;6866.500000000;330;9445365377;S
20240119;100758;6866.500000000;15;9445365378;S
20240119;100758;6866.500000000;11;9445365380;B
20240119;100759;6866.500000000;1;9445365464;B
20240119;100805;6866.000000000;1;9445366382;S
20240119;100805;6866.000000000;1;9445366383;S
20240119;100810;6865.500000000;1;9445367176;S
20240119;100810;6865.500000000;12;9445367177;S
20240119;100810;6865.500000000;12;9445367178;S
20240119;100810;6865.500000000;12;9445367179;S
20240119;100810;6865.500000000;12;9445367180;S
20240119;100810;6865.500000000;4;9445367181;S
20240119;100810;6866.000000000;1;9445367227;B
20240119;100812;6865.500000000;2;9445367500;S
20240119;100812;6865.500000000;10;9445367655;S
20240119;100813;6865.500000000;4;9445367793;S
20240119;100814;6865.500000000;15;9445367838;S
20240119;100815;6865.500000000;3;9445367915;S
20240119;100815;6865.500000000;1;9445367916;S
20240119;100816;6866.000000000;1;9445368041;B
20240119;100816;6866.000000000;2;9445368145;B
20240119;100819;6866.000000000;10;9445368408;B
20240119;100819;6866.500000000;1;9445368409;B
20240119;100819;6866.500000000;1;9445368410;B
20240119;100821;6867.500000000;2;9445368539;B
20240119;100821;6867.500000000;9;9445368540;B
20240119;100824;6866.500000000;1;9445368891;S
20240119;100825;6868.000000000;13;9445369028;B
20240119;100825;6868.500000000;12;9445369029;B
20240119;100825;6868.500000000;16;9445369030;B
20240119;100825;6868.000000000;22;9445369031;B
20240119;100826;6868.500000000;1;9445369146;B
20240119;100827;6868.500000000;1;9445369190;B
20240119;100831;6867.000000000;1;9445369634;S
20240119;100838;6867.000000000;1;9445370236;S
20240119;100839;6868.000000000;1;9445370310;B
20240119;100839;6868.500000000;1;9445370311;B
20240119;100843;6868.500000000;3;9445370728;B
20240119;100843;6868.500000000;1;9445370771;B
20240119;100844;6867.000000000;2;9445370848;S
20240119;100844;6867.000000000;10;9445370855;S
20240119;100846;6868.500000000;1;9445371038;B
20240119;100852;6868.500000000;26;9445371668;B
20240119;100852;6868.500000000;16;9445371669;B
20240119;100854;6867.500000000;4;9445371990;S
20240119;100857;6868.500000000;3;9445372194;B
20240119;100857;6868.500000000;2;9445372195;B
20240119;100904;6869.000000000;5;9445372907;B
20240119;100914;6869.000000000;2;9445373883;B
20240119;100914;6869.000000000;1;9445373884;B
20240119;100914;6869.000000000;2;9445373907;B
20240119;100914;6869.000000000;8;9445373908;B
20240119;100914;6869.000000000;4;9445373909;B
20240119;100915;6868.500000000;1;9445373975;S
20240119;100916;6868.500000000;1;9445374069;S
20240119;100917;6868.500000000;2;9445374200;S
20240119;100920;6868.500000000;1;9445374451;S
20240119;100921;6868.500000000;20;9445374592;S
20240119;100921;6868.500000000;1;9445374593;S
20240119;100921;6868.500000000;1;9445374594;S
20240119;100927;6867.500000000;11;9445375250;S
20240119;100927;6866.500000000;2;9445375251;S
20240119;100928;6868.000000000;15;9445375301;B
20240119;100930;6868.000000000;5;9445375503;B
20240119;100935;6868.000000000;1;9445376098;B
20240119;100938;6868.000000000;9;9445376394;B
20240119;100939;6867.000000000;1;9445376517;S
20240119;100945;6868.000000000;2;9445377161;B
20240119;100946;6867.000000000;10;9445377347;S
20240119;100946;6867.000000000;30;9445377348;S
20240119;100946;6867.000000000;44;9445377349;S
20240119;100950;6867.000000000;1;9445377897;B
20240119;100951;6867.000000000;10;9445378009;B
20240119;100958;6866.500000000;2;9445378726;S
20240119;101014;6867.000000000;10;9445381158;B
20240119;101014;6867.000000000;4;9445381172;B
20240119;101014;6867.000000000;1;9445381173;B
20240119;101014;6867.000000000;1;9445381174;B
20240119;101014;6867.000000000;1;9445381175;B
20240119;101014;6867.000000000;1;9445381178;B
20240119;101014;6867.000000000;1;9445381179;B
20240119;101014;6867.000000000;1;9445381180;B
20240119;101014;6867.000000000;3;9445381181;B
20240119;101014;6867.000000000;2;9445381182;B
20240119;101014;6867.000000000;6;9445381183;B
20240119;101014;6867.000000000;1;9445381184;B
20240119;101014;6867.000000000;1;9445381185;B
20240119;101014;6867.000000000;2;9445381186;B
20240119;101014;6867.000000000;4;9445381187;B
20240119;101014;6867.000000000;4;9445381188;B
20240119;101014;6867.000000000;9;9445381189;B
20240119;101014;6867.000000000;2;9445381190;B
20240119;101014;6867.000000000;1;9445381193;B
20240119;101014;6867.000000000;1;9445381194;B
20240119;101014;6867.000000000;10;9445381195;B
20240119;101014;6867.000000000;4;9445381196;B
20240119;101014;6867.000000000;1;9445381197;B
20240119;101014;6867.000000000;3;9445381198;B
20240119;101014;6867.000000000;1;9445381199;B
20240119;101014;6867.000000000;2;9445381200;B
20240119;101014;6867.000000000;1;9445381202;B
20240119;101014;6867.000000000;2;9445381204;B
20240119;101014;6867.000000000;1;9445381205;B
20240119;101014;6867.000000000;1;9445381206;B
20240119;101014;6867.000000000;1;9445381207;B
20240119;101014;6867.000000000;1;9445381208;B
20240119;101014;6867.000000000;1;9445381209;B
20240119;101014;6867.000000000;1;9445381210;B
20240119;101014;6867.000000000;1;9445381211;B
20240119;101014;6867.000000000;3;9445381212;B
20240119;101014;6867.000000000;2;9445381213;B
20240119;101014;6867.000000000;2;9445381214;B
20240119;101014;6867.000000000;1;9445381215;B
20240119;101014;6867.000000000;2;9445381216;B
20240119;101014;6867.000000000;2;9445381217;B
20240119;101014;6867.000000000;2;9445381218;B
20240119;101014;6867.000000000;1;9445381219;B
20240119;101014;6867.000000000;2;9445381220;B
20240119;101014;6867.000000000;2;9445381221;B
20240119;101014;6867.000000000;1;9445381223;B
20240119;101014;6867.000000000;2;9445381224;B
20240119;101014;6867.000000000;4;9445381225;B
20240119;101014;6867.000000000;2;9445381226;B
20240119;101014;6867.000000000;1;9445381227;B
20240119;101014;6867.000000000;3;9445381228;B
20240119;101014;6867.000000000;4;9445381229;B
20240119;101014;6867.000000000;1;9445381230;B
20240119;101014;6867.000000000;1;9445381231;B
20240119;101014;6867.000000000;2;9445381232;B
20240119;101014;6867.000000000;1;9445381233;B
20240119;101014;6867.000000000;1;9445381234;B
20240119;101015;6867.000000000;4;9445381409;B
20240119;101015;6867.000000000;2;9445381413;B
20240119;101015;6867.000000000;1;9445381414;B
20240119;101015;6867.000000000;8;9445381415;B
20240119;101015;6867.000000000;1;9445381416;B
20240119;101015;6867.000000000;2;9445381417;B
20240119;101015;6867.000000000;1;9445381418;B
20240119;101015;6867.000000000;2;9445381419;B
20240119;101015;6867.000000000;4;9445381420;B
20240119;101015;6867.000000000;2;9445381422;B
20240119;101015;6867.000000000;1;9445381423;B
20240119;101015;6867.000000000;1;9445381424;B
20240119;101015;6867.000000000;2;9445381425;B
20240119;101015;6867.000000000;1;9445381426;B
20240119;101015;6867.000000000;7;9445381427;B
20240119;101016;6866.500000000;4;9445381464;S
20240119;101023;6867.000000000;7;9445382441;B
20240119;101027;6867.000000000;1;9445382944;B
20240119;101029;6867.000000000;1;9445383342;B
20240119;101033;6866.500000000;10;9445383837;S
20240119;101040;6866.500000000;1;9445384491;S
20240119;101040;6866.500000000;2;9445384569;S
20240119;101041;6866.500000000;1;9445384607;S
20240119;101047;6867.000000000;4;9445385374;B
20240119;101049;6866.500000000;3;9445385593;S
20240119;101100;6866.500000000;47;9445386888;S
20240119;101101;6866.500000000;15;9445387228;S
20240119;101101;6866.500000000;9;9445387229;S
20240119;101101;6866.500000000;2;9445387230;S
20240119;101101;6866.500000000;1;9445387231;S
20240119;101101;6866.500000000;12;9445387232;S
20240119;101101;6866.000000000;5;9445387233;S
20240119;101101;6866.000000000;93;9445387234;S
20240119;101101;6865.500000000;94;9445387235;S
20240119;101101;6865.500000000;232;9445387236;S
20240119;101101;6865.500000000;56;9445387237;S
20240119;101101;6865.500000000;1;9445387238;S
20240119;101101;6865.500000000;1;9445387239;S
20240119;101101;6865.500000000;18;9445387240;S
20240119;101101;6865.000000000;4;9445387241;S
20240119;101101;6865.000000000;2;9445387242;S
20240119;101101;6865.000000000;2;9445387243;S
20240119;101101;6865.000000000;2;9445387244;S
20240119;101101;6865.000000000;2;9445387245;S
20240119;101101;6865.000000000;2;9445387246;S
20240119;101101;6865.000000000;2;9445387247;S
20240119;101101;6865.000000000;2;9445387248;S
20240119;101101;6865.000000000;3;9445387249;S
20240119;101101;6865.000000000;1;9445387250;S
20240119;101101;6865.000000000;78;9445387270;S
20240119;101101;6865.000000000;14;9445387271;S
20240119;101101;6865.000000000;4;9445387272;S
20240119;101101;6865.000000000;1;9445387273;S
20240119;101101;6863.000000000;5;9445387278;S
20240119;101101;6863.000000000;36;9445387279;S
20240119;101101;6863.000000000;1;9445387280;S
20240119;101101;6862.500000000;2;9445387281;S
20240119;101104;6862.500000000;11;9445387726;B
20240119;101105;6862.500000000;39;9445387767;B
20240119;101105;6862.500000000;11;9445387768;B
20240119;101106;6862.500000000;30;9445387944;S
20240119;101107;6862.500000000;25;9445388012;S
20240119;101109;6862.500000000;15;9445388159;S
20240119;101111;6862.500000000;1;9445388356;S
20240119;101116;6862.500000000;20;9445389115;S
20240119;101118;6862.500000000;10;9445389261;S
20240119;101118;6862.500000000;14;9445389347;S
20240119;101122;6863.000000000;7;9445389798;B
20240119;101122;6863.000000000;11;9445389799;B
20240119;101122;6863.500000000;16;9445389800;B
20240119;101123;6862.500000000;4;9445389976;S
20240119;101127;6863.500000000;1;9445390410;B
20240119;101127;6863.500000000;10;9445390411;B
20240119;101127;6863.500000000;2;9445390437;S
20240119;101131;6863.500000000;2;9445390928;S
20240119;101131;6864.000000000;3;9445390931;B
20240119;101132;6863.000000000;15;9445390967;S
20240119;101133;6864.000000000;42;9445391140;B
20240119;101133;6864.500000000;8;9445391141;B
20240119;101138;6864.500000000;20;9445391791;B
20240119;101141;6864.500000000;1;9445392147;B
20240119;101143;6863.000000000;1;9445392459;S
20240119;101143;6863.000000000;1;9445392460;B
20240119;101145;6864.000000000;1;9445392649;S
20240119;101145;6863.500000000;10;9445392650;S
20240119;101145;6863.000000000;14;9445392651;S
20240119;101147;6864.000000000;1;9445392958;B
20240119;101147;6864.500000000;4;9445392959;B
20240119;101151;6862.500000000;1;9445393464;S
20240119;101151;6862.500000000;9;9445393465;S
20240119;101151;6862.000000000;1;9445393466;S
20240119;101151;6862.000000000;1;9445393467;S
20240119;101151;6862.000000000;8;9445393468;S
20240119;101156;6864.500000000;6;9445393925;B
20240119;101201;6862.500000000;1;9445394416;S
20240119;101204;6862.500000000;1;9445394777;S
20240119;101204;6864.500000000;2;9445394853;B
20240119;101214;6863.000000000;4;9445396152;S
20240119;101217;6863.000000000;1;9445397275;S
20240119;101222;6864.000000000;10;9445397945;B
20240119;101222;6864.000000000;40;9445397946;B
20240119;101223;6863.000000000;1;9445398054;S
20240119;101224;6862.500000000;2;9445398149;S
20240119;101241;6862.500000000;3;9445400225;S
20240119;101251;6862.500000000;5;9445401337;S
20240119;101253;6863.000000000;1;9445401580;B
20240119;101300;6862.500000000;8;9445402367;S
20240119;101301;6863.000000000;1;9445402520;B
20240119;101301;6863.000000000;1;9445402615;B
20240119;101302;6862.500000000;1;9445402707;S
20240119;101302;6862.000000000;1;9445402708;S
20240119;101303;6863.000000000;1;9445402733;B
20240119;101309;6862.000000000;10;9445403321;S
20240119;101310;6862.000000000;1;9445403361;S
20240119;101313;6862.000000000;1;9445403654;S
20240119;101313;6863.000000000;2;9445403716;B
20240119;101315;6863.000000000;3;9445403802;B
20240119;101315;6862.000000000;14;9445403874;S
20240119;101323;6863.000000000;1;9445404647;B
20240119;101336;6862.000000000;2;9445406134;S
20240119;101340;6862.500000000;9;9445406542;B
20240119;101352;6862.500000000;1;9445407996;S
20240119;101353;6862.500000000;2;9445408231;S
20240119;101353;6863.000000000;5;9445408265;B
20240119;101358;6862.500000000;3;9445408611;S
20240119;101358;6862.000000000;1;9445408612;S
20240119;101400;6862.000000000;1;9445408856;S
20240119;101400;6862.000000000;2;9445408857;S
20240119;101401;6862.500000000;9;9445409300;B
20240119;101401;6862.500000000;1;9445409301;B
20240119;101401;6862.500000000;10;9445409308;B
20240119;101401;6862.500000000;25;9445409320;B
20240119;101401;6862.500000000;5;9445409321;B
20240119;101401;6862.000000000;3;9445409352;S
20240119;101401;6862.500000000;10;9445409353;B
20240119;101401;6862.500000000;36;9445409354;B
20240119;101401;6862.500000000;4;9445409412;S
20240119;101401;6862.500000000;4;9445409414;S
20240119;101401;6863.000000000;6;9445409415;B
20240119;101401;6863.000000000;1;9445409416;B
20240119;101401;6863.000000000;43;9445409417;B
20240119;101401;6863.000000000;1;9445409418;B
20240119;101403;6863.000000000;2;9445409679;S
20240119;101410;6863.000000000;2;9445410312;S
20240119;101417;6863.500000000;10;9445411033;B
20240119;101423;6863.500000000;3;9445411801;B
20240119;101423;6863.500000000;1;9445411827;B
20240119;101423;6863.500000000;39;9445411828;B
20240119;101437;6863.500000000;1;9445413299;B
20240119;101437;6863.000000000;20;9445413339;S
20240119;101443;6863.000000000;4;9445414077;S
20240119;101445;6863.500000000;1;9445414293;B
20240119;101446;6863.000000000;21;9445414760;S
20240119;101446;6863.000000000;5;9445414761;S
20240119;101446;6863.000000000;11;9445414810;B
20240119;101446;6863.000000000;4;9445414811;B
20240119;101446;6862.500000000;12;9445414979;S
20240119;101446;6862.500000000;11;9445415052;S
20240119;101447;6862.500000000;2;9445415144;S
20240119;101447;6863.000000000;1;9445415269;B
20240119;101450;6862.500000000;3;9445415631;S
20240119;101454;6862.500000000;5;9445416074;S
20240119;101454;6863.000000000;3;9445416103;B
20240119;101508;6862.500000000;13;9445418520;S
20240119;101508;6862.500000000;11;9445418521;S
20240119;101516;6863.000000000;10;9445420255;B
20240119;101517;6863.000000000;1;9445420483;B
20240119;101518;6862.500000000;2;9445420758;S
20240119;101518;6862.500000000;37;9445420797;S
20240119;101518;6862.500000000;3;9445420798;S
20240119;101519;6863.000000000;1;9445420895;B
20240119;101522;6863.000000000;1;9445421774;B
20240119;101524;6863.000000000;1;9445422056;B
20240119;101527;6862.500000000;4;9445422930;S
20240119;101533;6862.500000000;1;9445423868;S
20240119;101535;6863.000000000;26;9445424465;B
20240119;101535;6863.000000000;24;9445424466;B
20240119;101542;6863.000000000;1;9445425984;B
20240119;101542;6862.500000000;8;9445426041;S
20240119;101545;6862.500000000;2;9445426618;S
20240119;101546;6862.500000000;3;9445426775;S
20240119;101547;6862.500000000;29;9445426947;S
20240119;101547;6862.500000000;5;9445426948;S
20240119;101547;6862.500000000;10;9445426949;B
20240119;101547;6862.500000000;10;9445426950;B
20240119;101547;6862.500000000;30;9445426951;B
20240119;101547;6862.000000000;50;9445426954;B
20240119;101547;6861.500000000;10;9445426957;B
20240119;101547;6862.000000000;30;9445426958;B
20240119;101547;6861.000000000;1;9445426959;S
20240119;101548;6860.000000000;1;9445427032;S
20240119;101548;6860.000000000;1;9445427033;S
20240119;101548;6860.000000000;1;9445427034;S
20240119;101548;6860.000000000;1;9445427035;S
20240119;101548;6860.000000000;1;9445427036;S
20240119;101548;6860.000000000;1;9445427037;S
20240119;101548;6859.500000000;2;9445427038;S
20240119;101550;6858.500000000;1;9445427602;S
20240119;101550;6858.000000000;4;9445427603;S
20240119;101550;6858.000000000;1;9445427604;S
20240119;101550;6858.000000000;1;9445427605;S
20240119;101550;6858.000000000;4;9445427606;S
20240119;101550;6858.000000000;1;9445427607;S
20240119;101550;6858.000000000;61;9445427608;S
20240119;101551;6858.000000000;39;9445428007;S
20240119;101551;6858.000000000;20;9445428008;S
20240119;101551;6857.500000000;4;9445428242;S
20240119;101551;6857.500000000;7;9445428243;S
20240119;101551;6857.500000000;62;9445428244;S
20240119;101552;6857.500000000;73;9445428514;S
20240119;101552;6857.500000000;73;9445428641;S
20240119;101552;6857.500000000;19;9445428937;S
20240119;101552;6857.500000000;2;9445428938;S
20240119;101552;6857.500000000;1;9445428939;S
20240119;101552;6857.500000000;1;9445428940;S
20240119;101552;6857.500000000;3;9445428941;S
20240119;101552;6857.500000000;40;9445428942;S
20240119;101552;6857.000000000;1;9445428943;S
20240119;101552;6857.000000000;7;9445428944;S
20240119;101552;6857.000000000;9;9445428945;S
20240119;101552;6857.000000000;1;9445428946;S
20240119;101552;6857.000000000;5;9445428947;S
20240119;101552;6857.000000000;5;9445428948;S
20240119;101552;6857.000000000;42;9445428949;S
20240119;101552;6857.000000000;1;9445428950;S
20240119;101552;6857.000000000;3;9445428951;S
20240119;101552;6856.500000000;2;9445428953;S
20240119;101552;6856.000000000;1;9445428955;S
20240119;101554;6856.000000000;3;9445429479;S
20240119;101554;6856.000000000;10;9445429786;S
20240119;101554;6856.000000000;1;9445429787;S
20240119;101554;6856.000000000;2;9445429788;S
20240119;101554;6856.000000000;1;9445429789;S
20240119;101554;6856.000000000;1;9445429790;S
20240119;101554;6856.000000000;1;9445429791;S
20240119;101554;6855.500000000;1;9445429792;S
20240119;101554;6855.500000000;67;9445429793;S
20240119;101554;6855.500000000;9;9445429794;S
20240119;101554;6855.000000000;1;9445429795;S
20240119;101554;6855.000000000;1;9445429796;S
20240119;101554;6855.000000000;1;9445429797;S
20240119;101554;6855.000000000;5;9445429798;S
20240119;101554;6855.000000000;1;9445429799;S
20240119;101554;6855.000000000;11;9445429800;S
20240119;101554;6855.000000000;1;9445429801;S
20240119;101554;6855.000000000;1;9445429802;S
20240119;101554;6855.000000000;30;9445429803;S
20240119;101554;6854.500000000;2;9445429804;S
20240119;101554;6854.500000000;1;9445429805;S
20240119;101554;6854.500000000;100;9445429806;S
20240119;101554;6854.500000000;10;9445429807;S
20240119;101554;6854.000000000;480;9445429808;S
20240119;101555;6855.000000000;9;9445430011;B
20240119;101555;6855.000000000;1;9445430012;B
20240119;101555;6854.000000000;295;9445430041;S
20240119;101555;6854.000000000;300;9445430120;S
20240119;101557;6855.000000000;10;9445430844;B
20240119;101557;6855.000000000;5;9445430845;B
20240119;101557;6854.000000000;825;9445430929;S
20240119;101557;6854.000000000;47;9445430930;S
20240119;101557;6854.000000000;40;9445430931;S
20240119;101557;6854.000000000;1;9445430932;S
20240119;101557;6854.000000000;4;9445430933;S
20240119;101557;6854.000000000;1;9445430934;S
20240119;101557;6852.500000000;10;9445430935;S
20240119;101557;6852.500000000;10;9445430936;S
20240119;101557;6852.000000000;1;9445431100;S
20240119;101557;6852.000000000;1;9445431101;S
20240119;101558;6852.500000000;1;9445431327;B
20240119;101559;6852.500000000;1;9445431365;B
20240119;101600;6852.000000000;100;9445431620;S
20240119;101600;6852.000000000;1;9445431621;S
20240119;101600;6852.000000000;1;9445431675;B
20240119;101603;6852.000000000;5;9445432457;B
20240119;101610;6852.000000000;11;9445434151;B
20240119;101610;6852.000000000;10;9445434152;B
20240119;101610;6852.000000000;36;9445434153;B
20240119;101610;6852.500000000;8;9445434154;B
20240119;101612;6853.500000000;1;9445434464;B
20240119;101612;6852.500000000;3;9445434467;S
20240119;101616;6853.000000000;6;9445435260;B
20240119;101618;6853.000000000;10;9445435611;B
20240119;101618;6853.000000000;5;9445435612;B
20240119;101620;6852.500000000;11;9445435914;S
20240119;101620;6852.500000000;10;9445435933;S
20240119;101620;6852.500000000;3;9445436110;S
20240119;101623;6853.000000000;7;9445436740;B
20240119;101627;6852.500000000;8;9445437871;S
20240119;101627;6852.500000000;1;9445437872;S
20240119;101627;6852.500000000;1;9445437873;S
20240119;101627;6852.500000000;5;9445437874;S
20240119;101627;6852.000000000;10;9445437875;S
20240119;101627;6852.000000000;1;9445437876;S
20240119;101627;6852.000000000;4;9445437877;S
20240119;101627;6851.500000000;6;9445437937;S
20240119;101627;6851.500000000;5;9445437948;S
20240119;101628;6851.500000000;5;9445438030;S
20240119;101632;6852.000000000;43;9445439109;B
20240119;101632;6852.500000000;1;9445439110;B
20240119;101632;6852.500000000;9;9445439111;B
20240119;101633;6852.500000000;6;9445439349;B
20240119;101633;6852.500000000;36;9445439350;B
20240119;101633;6853.000000000;60;9445439351;B
20240119;101633;6853.000000000;10;9445439352;B
20240119;101633;6853.500000000;10;9445439353;B
20240119;101633;6854.500000000;11;9445439354;B
20240119;101633;6855.000000000;11;9445439355;B
20240119;101633;6855.000000000;15;9445439356;B
20240119;101633;6855.500000000;11;9445439357;B
20240119;101633;6855.500000000;30;9445439358;B
20240119;101640;6853.500000000;2;9445440516;S
20240119;101640;6853.500000000;9;9445440517;S
20240119;101644;6853.000000000;1;9445441309;S
20240119;101645;6852.500000000;9;9445441651;S
20240119;101645;6852.000000000;10;9445441652;S
20240119;101645;6851.500000000;81;9445441653;S
20240119;101646;6851.500000000;53;9445441824;S
20240119;101646;6851.500000000;1;9445441825;S
20240119;101646;6851.500000000;1;9445441826;S
20240119;101646;6851.500000000;1;9445441827;S
20240119;101646;6851.500000000;10;9445441828;S
20240119;101646;6851.000000000;3;9445441829;S
20240119;101646;6851.000000000;1;9445441830;S
20240119;101646;6851.000000000;10;9445441831;S
20240119;101646;6851.000000000;20;9445441832;S
20240119;101646;6851.000000000;3;9445441833;S
20240119;101646;6851.000000000;1;9445441834;S
20240119;101646;6851.000000000;9;9445441835;S
20240119;101646;6850.500000000;1;9445441836;S
20240119;101646;6850.500000000;2;9445441837;S
20240119;101646;6850.500000000;15;9445441838;S
20240119;101646;6850.500000000;1;9445441839;S
20240119;101646;6850.500000000;3;9445441840;S
20240119;101646;6850.500000000;1;9445441841;S
20240119;101646;6850.500000000;1;9445441842;S
20240119;101646;6850.500000000;13;9445441843;S
20240119;101647;6851.000000000;9;9445441967;S
20240119;101647;6851.000000000;1;9445442042;S
20240119;101647;6850.500000000;9;9445442043;S
20240119;101650;6851.500000000;43;9445442491;S
20240119;101650;6850.500000000;3;9445442571;S
20240119;101654;6852.000000000;5;9445443124;B
20240119;101656;6852.000000000;2;9445443487;B
20240119;101700;6851.000000000;1;9445444559;S
20240119;101700;6851.000000000;2;9445444560;S
20240119;101700;6850.500000000;2;9445444997;S
20240119;101700;6850.000000000;48;9445444998;S
20240119;101700;6850.000000000;1;9445444999;S
20240119;101700;6850.000000000;5;9445445000;S
20240119;101700;6850.000000000;1;9445445001;S
20240119;101700;6850.000000000;1;9445445002;S
20240119;101700;6850.000000000;2;9445445003;S
20240119;101700;6850.000000000;1;9445445009;S
20240119;101700;6850.000000000;1;9445445010;S
20240119;101700;6850.000000000;2;9445445011;S
20240119;101700;6850.000000000;1;9445445012;S
20240119;101700;6850.000000000;1;9445445013;S
20240119;101700;6850.000000000;1;9445445014;S
20240119;101700;6850.000000000;3;9445445015;S
20240119;101700;6850.000000000;20;9445445016;S
20240119;101700;6850.000000000;1;9445445019;S
20240119;101701;6850.000000000;1;9445445191;S
20240119;101708;6850.500000000;50;9445446614;S
20240119;101708;6850.500000000;10;9445446615;S
20240119;101708;6850.000000000;14;9445446616;S
20240119;101708;6850.000000000;1;9445446617;S
20240119;101709;6850.000000000;2;9445446704;S
20240119;101709;6850.000000000;2;9445446705;S
20240119;101709;6850.000000000;2;9445446706;S
20240119;101709;6850.000000000;1;9445446707;S
20240119;101709;6850.000000000;1;9445446708;S
20240119;101709;6850.000000000;1;9445446709;S
20240119;101709;6850.000000000;1;9445446710;S
20240119;101709;6850.000000000;1;9445446711;S
20240119;101709;6850.000000000;100;9445446712;S
20240119;101709;6850.000000000;4;9445446713;S
20240119;101709;6850.000000000;1;9445446714;S
20240119;101709;6850.000000000;1;9445446715;S
20240119;101709;6850.000000000;1;9445446716;S
20240119;101709;6850.000000000;1;9445446717;S
20240119;101709;6850.000000000;1;9445446718;S
20240119;101709;6850.000000000;1;9445446719;S
20240119;101709;6850.000000000;79;9445446720;S
20240119;101709;6850.500000000;2;9445446721;B
20240119;101709;6850.000000000;1;9445446810;S
20240119;101720;6850.000000000;40;9445449170;S
20240119;101720;6850.500000000;1;9445449220;B
20240119;101723;6850.500000000;1;9445449853;B
20240119;101724;6850.000000000;20;9445450005;S
20240119;101725;6850.500000000;30;9445450274;S
20240119;101727;6851.000000000;1;9445450694;B
20240119;101734;6850.500000000;1;9445451914;B
20240119;101736;6850.000000000;13;9445452659;S
20240119;101739;6850.000000000;2;9445453616;S
20240119;101740;6850.000000000;6;9445453617;S
20240119;101742;6850.000000000;70;9445453993;S
20240119;101743;6850.500000000;8;9445454391;B
20240119;101743;6850.500000000;2;9445454392;B
20240119;101746;6850.500000000;1;9445454868;B
20240119;101751;6850.500000000;2;9445455856;B
20240119;101755;6850.500000000;16;9445456445;B
20240119;101755;6850.500000000;9;9445456446;B
20240119;101757;6850.500000000;1;9445456704;S
20240119;101757;6851.000000000;10;9445456789;B
20240119;101800;6850.500000000;7;9445457314;S
20240119;101800;6850.500000000;17;9445457537;S
20240119;101800;6850.500000000;13;9445457538;S
20240119;101800;6851.000000000;1;9445457625;B
20240119;101802;6850.500000000;1;9445457847;S
20240119;101802;6851.000000000;13;9445457999;B
20240119;101802;6851.500000000;9;9445458000;B
20240119;101802;6852.000000000;12;9445458001;B
20240119;101804;6852.000000000;13;9445458395;B
20240119;101804;6852.000000000;37;9445458396;B
20240119;101805;6851.000000000;1;9445458544;S
20240119;101808;6853.000000000;1;9445458972;B
20240119;101809;6853.000000000;6;9445459232;B
20240119;101809;6853.500000000;1;9445459326;B
20240119;101809;6854.500000000;9;9445459327;B
20240119;101809;6855.000000000;15;9445459328;B
20240119;101809;6855.000000000;29;9445459371;B
20240119;101809;6855.500000000;50;9445459372;B
20240119;101809;6855.500000000;10;9445459373;B
20240119;101809;6855.500000000;9;9445459374;B
20240119;101810;6857.500000000;6;9445459553;B
20240119;101810;6857.500000000;1;9445459554;B
20240119;101810;6857.500000000;66;9445459555;B
20240119;101810;6857.500000000;10;9445459556;B
20240119;101810;6858.000000000;9;9445459557;B
20240119;101810;6858.500000000;10;9445459558;B
20240119;101812;6856.500000000;3;9445459882;S
20240119;101813;6858.000000000;25;9445460029;B
20240119;101815;6858.000000000;25;9445460435;B
20240119;101815;6858.000000000;36;9445460436;B
20240119;101815;6858.500000000;9;9445460437;B
20240119;101815;6858.500000000;10;9445460438;B
20240119;101820;6857.000000000;1;9445461256;S
20240119;101820;6857.000000000;9;9445461257;S
20240119;101820;6857.000000000;10;9445461258;S
20240119;101820;6857.000000000;1;9445461286;B
20240119;101824;6856.500000000;1;9445462409;S
20240119;101824;6856.500000000;1;9445462410;S
20240119;101824;6856.000000000;3;9445462411;S
20240119;101829;6856.500000000;2;9445463331;B
20240119;101831;6856.500000000;8;9445463488;B
20240119;101831;6856.500000000;9;9445463489;B
20240119;101831;6857.000000000;10;9445463490;B
20240119;101831;6857.000000000;3;9445463491;B
20240119;101835;6856.000000000;1;9445464063;S
20240119;101835;6855.500000000;9;9445464064;S
20240119;101837;6855.500000000;10;9445464337;S
20240119;101837;6855.000000000;34;9445464338;S
20240119;101837;6854.500000000;1;9445464339;S
20240119;101838;6854.500000000;1;9445464437;S
20240119;101839;6857.000000000;3;9445464529;B
20240119;101840;6855.500000000;6;9445464592;S
20240119;101842;6855.000000000;5;9445465043;S
20240119;101842;6857.000000000;1;9445465046;B
20240119;101845;6856.000000000;1;9445465306;B
20240119;101845;6856.500000000;20;9445465307;B
20240119;101847;6855.500000000;1;9445465434;B
20240119;101849;6855.500000000;2;9445465653;B
20240119;101851;6853.000000000;1;9445466159;S
20240119;101854;6852.500000000;1;9445466458;B
20240119;101858;6850.500000000;1;9445467095;S
20240119;101900;6850.500000000;1;9445467203;S
20240119;101905;6852.000000000;5;9445467911;S
20240119;101909;6852.000000000;24;9445468512;S
20240119;101911;6853.500000000;3;9445469004;B
20240119;101913;6852.000000000;1;9445469148;S
20240119;101913;6854.000000000;7;9445469157;B
20240119;101914;6852.000000000;1;9445469161;S
20240119;101914;6854.000000000;1;9445469278;B
20240119;101915;6852.000000000;1;9445469482;S
20240119;101917;6854.000000000;9;9445469659;B
20240119;101917;6854.000000000;8;9445469660;B
20240119;101917;6854.500000000;3;9445469661;B
20240119;101920;6852.000000000;3;9445469921;S
20240119;101921;6852.500000000;10;9445470100;S
20240119;101924;6851.500000000;1;9445470448;S
20240119;101925;6853.000000000;1;9445470690;B
20240119;101938;6852.500000000;2;9445472436;S
20240119;101940;6852.500000000;1;9445472709;S
20240119;101940;6853.000000000;2;9445472758;B
20240119;101940;6853.500000000;10;9445472759;S
20240119;101940;6853.000000000;33;9445472760;S
20240119;101940;6853.000000000;7;9445472761;S
20240119;101941;6853.500000000;10;9445472828;S
20240119;101941;6853.500000000;8;9445472829;S
20240119;101941;6853.000000000;43;9445472830;S
20240119;101941;6852.500000000;20;9445472831;S
20240119;101941;6851.500000000;19;9445472832;S
20240119;101944;6851.500000000;5;9445473245;S
20240119;101951;6852.500000000;13;9445473964;S
20240119;101954;6852.500000000;22;9445474285;S
20240119;101954;6852.000000000;6;9445474286;S
20240119;101957;6851.500000000;30;9445474558;S
20240119;101958;6852.500000000;5;9445474665;B
20240119;102000;6851.500000000;6;9445475045;S
20240119;102000;6851.500000000;1;9445475046;S
20240119;102000;6851.500000000;5;9445475047;S
20240119;102001;6852.500000000;1;9445475417;B
20240119;102005;6852.000000000;10;9445475910;B
20240119;102008;6852.000000000;10;9445476210;S
20240119;102008;6851.500000000;1;9445476211;S
20240119;102014;6852.500000000;10;9445476975;B
20240119;102014;6852.500000000;1;9445476980;B
20240119;102014;6853.000000000;2;9445476981;B
20240119;102014;6853.000000000;16;9445476982;B
20240119;102015;6854.500000000;1;9445477078;S
20240119;102019;6855.000000000;29;9445477576;B
20240119;102019;6856.000000000;2;9445477582;B
20240119;102019;6857.000000000;1;9445477715;B
20240119;102020;6857.500000000;9;9445477813;S
20240119;102029;6858.500000000;73;9445479378;S
20240119;102029;6858.000000000;8;9445479379;S
20240119;102029;6858.000000000;10;9445479380;S
20240119;102029;6857.000000000;1;9445479381;S
20240119;102029;6856.500000000;8;9445479382;S
20240119;102040;6857.000000000;1;9445480935;S
20240119;102040;6857.000000000;4;9445480936;S
20240119;102043;6857.500000000;1;9445481326;B
20240119;102058;6857.000000000;1;9445483029;S
20240119;102058;6857.500000000;5;9445483082;B
20240119;102059;6857.500000000;9;9445483135;B
20240119;102100;6856.500000000;1;9445483245;S
20240119;102102;6857.500000000;1;9445483757;B
20240119;102102;6857.500000000;3;9445483758;B
20240119;102102;6857.500000000;5;9445483759;B
20240119;102102;6858.000000000;1;9445483760;B
20240119;102102;6858.000000000;4;9445483761;B
20240119;102103;6859.000000000;1;9445483831;B
20240119;102105;6859.000000000;1;9445484029;B
20240119;102105;6859.000000000;1;9445484030;B
20240119;102105;6859.000000000;2;9445484031;B
20240119;102106;6859.500000000;1;9445484135;B
20240119;102106;6860.000000000;1;9445484136;B
20240119;102120;6858.500000000;2;9445485859;S
20240119;102123;6858.500000000;1;9445486280;B
20240119;102123;6858.500000000;1;9445486281;B
20240119;102124;6857.500000000;3;9445486382;S
20240119;102132;6857.000000000;1;9445487063;B
20240119;102137;6857.000000000;2;9445487646;B
20240119;102139;6857.000000000;10;9445487804;B
20240119;102139;6857.000000000;44;9445487805;B
20240119;102139;6857.500000000;50;9445487806;B
20240119;102139;6857.500000000;7;9445487807;B
20240119;102139;6857.500000000;29;9445487808;B
20240119;102139;6858.500000000;1;9445487809;B
20240119;102139;6858.500000000;4;9445487810;B
20240119;102140;6856.500000000;7;9445487885;S
20240119;102141;6856.500000000;2;9445488072;S
20240119;102144;6857.000000000;2;9445488283;S
20240119;102151;6857.000000000;8;9445488985;S
20240119;102151;6857.000000000;7;9445488986;S
20240119;102151;6856.500000000;1;9445488987;S
20240119;102200;6857.000000000;2;9445489807;S
20240119;102206;6857.000000000;8;9445490485;S
20240119;102206;6857.000000000;7;9445490486;S
20240119;102209;6856.500000000;1;9445490746;S
20240119;102216;6857.000000000;1;9445491485;B
20240119;102217;6857.000000000;4;9445491515;B
20240119;102217;6857.000000000;10;9445491516;B
20240119;102217;6857.000000000;7;9445491517;B
20240119;102217;6857.000000000;50;9445491518;B
20240119;102217;6857.000000000;19;9445491519;B
20240119;102218;6857.000000000;5;9445491639;B
20240119;102219;6857.500000000;2;9445491741;B
20240119;102219;6857.500000000;2;9445491742;B
20240119;102220;6856.500000000;6;9445491784;S
20240119;102223;6856.500000000;15;9445492158;S
20240119;102223;6856.500000000;5;9445492195;S
20240119;102225;6856.500000000;4;9445492370;B
20240119;102230;6856.000000000;1;9445492922;S
20240119;102230;6856.000000000;7;9445492923;S
20240119;102230;6855.500000000;2;9445492924;S
20240119;102235;6855.000000000;10;9445493409;S
20240119;102235;6855.000000000;1;9445493410;S
20240119;102235;6855.000000000;1;9445493411;S
20240119;102235;6854.500000000;10;9445493471;B
20240119;102235;6854.500000000;7;9445493472;B
20240119;102235;6854.500000000;50;9445493473;B
20240119;102235;6855.000000000;33;9445493474;B
20240119;102237;6855.000000000;2;9445493783;B
20240119;102238;6855.000000000;8;9445493854;B
20240119;102238;6855.000000000;37;9445493855;B
20240119;102238;6855.000000000;7;9445493856;B
20240119;102238;6855.500000000;38;9445493857;B
20240119;102240;6854.000000000;1;9445493972;S
20240119;102241;6853.500000000;10;9445494059;S
20240119;102241;6853.000000000;1;9445494060;S
20240119;102241;6853.000000000;7;9445494061;S
20240119;102241;6853.000000000;11;9445494062;S
20240119;102241;6852.500000000;1;9445494063;S
20240119;102241;6852.500000000;1;9445494064;S
20240119;102241;6852.500000000;9;9445494065;S
20240119;102241;6853.000000000;10;9445494115;S
20240119;102241;6852.500000000;6;9445494116;S
20240119;102246;6854.000000000;11;9445494472;B
20240119;102246;6854.500000000;7;9445494473;B
20240119;102246;6854.500000000;6;9445494474;B
20240119;102248;6854.000000000;3;9445494782;B
20240119;102248;6855.000000000;10;9445494783;B
20240119;102248;6855.000000000;11;9445494784;B
20240119;102248;6855.500000000;12;9445494785;B
20240119;102248;6855.500000000;60;9445494786;B
20240119;102248;6856.500000000;91;9445494787;B
20240119;102248;6856.500000000;30;9445494788;B
20240119;102248;6857.000000000;15;9445494789;B
20240119;102248;6857.000000000;36;9445494790;B
20240119;102248;6858.000000000;2;9445494791;B
20240119;102248;6858.000000000;11;9445494792;B
20240119;102248;6858.000000000;3;9445494793;B
20240119;102248;6858.500000000;35;9445494794;B
20240119;102248;6858.500000000;11;9445494795;B
20240119;102248;6859.000000000;1;9445494796;B
20240119;102248;6859.000000000;11;9445494797;B
20240119;102248;6859.000000000;33;9445494798;B
20240119;102248;6859.000000000;10;9445494799;B
20240119;102248;6859.500000000;60;9445494800;B
20240119;102248;6859.500000000;88;9445494801;B
20240119;102248;6860.000000000;4465;9445494802;B
20240119;102248;6860.000000000;2;9445494803;B
20240119;102248;6856.500000000;1;9445494807;S
20240119;102251;6857.500000000;10;9445495100;S
20240119;102254;6857.500000000;10;9445495388;S
20240119;102254;6857.000000000;45;9445495389;S
20240119;102255;6857.500000000;10;9445495408;S
20240119;102255;6857.000000000;6;9445495409;S
20240119;102300;6856.000000000;10;9445495806;S
20240119;102300;6856.000000000;2;9445495911;B
20240119;102315;6855.500000000;4;9445497488;B
20240119;102318;6855.000000000;1;9445497796;S
20240119;102318;6854.500000000;11;9445497797;S
20240119;102318;6854.500000000;7;9445497798;S
20240119;102318;6854.500000000;44;9445497799;S
20240119;102318;6854.000000000;11;9445497800;S
20240119;102318;6854.000000000;10;9445497801;S
20240119;102318;6854.000000000;36;9445497802;S
20240119;102318;6853.500000000;1;9445497803;S
20240119;102318;6853.500000000;11;9445497804;S
20240119;102318;6853.500000000;10;9445497805;S
20240119;102318;6853.000000000;1;9445497806;S
20240119;102318;6853.000000000;73;9445497807;S
20240119;102318;6852.500000000;6;9445497808;S
20240119;102319;6854.500000000;1;9445497921;S
20240119;102320;6854.500000000;9;9445497950;S
20240119;102329;6852.500000000;10;9445499178;S
20240119;102340;6853.000000000;10;9445500409;S
20240119;102340;6853.000000000;6;9445500410;S
20240119;102345;6852.500000000;1;9445500915;S
20240119;102345;6853.000000000;31;9445500944;B
20240119;102347;6853.000000000;2;9445501144;B
20240119;102347;6853.000000000;1;9445501145;B
20240119;102347;6853.000000000;1;9445501146;B
20240119;102347;6853.000000000;1;9445501148;B
20240119;102347;6853.000000000;1;9445501149;B
20240119;102347;6853.000000000;1;9445501151;B
20240119;102347;6853.000000000;1;9445501153;B
20240119;102347;6853.000000000;1;9445501154;B
20240119;102347;6853.000000000;1;9445501157;B
20240119;102347;6853.000000000;1;9445501158;B
20240119;102347;6853.000000000;1;9445501160;B
20240119;102347;6853.000000000;1;9445501161;B
20240119;102347;6853.000000000;1;9445501162;B
20240119;102348;6853.000000000;29;9445501249;B
20240119;102348;6853.500000000;1;9445501250;B
20240119;102348;6853.500000000;10;9445501251;B
20240119;102350;6853.500000000;10;9445501423;S
20240119;102356;6854.000000000;8;9445502156;S
20240119;102400;6854.000000000;2;9445502696;S
20240119;102400;6854.000000000;4;9445502697;S
20240119;102404;6854.500000000;1;9445503500;B
20240119;102409;6854.500000000;1;9445504072;B
20240119;102410;6854.500000000;6;9445504142;B
20240119;102414;6854.500000000;10;9445504695;S
20240119;102416;6855.000000000;1;9445504865;S
20240119;102420;6855.000000000;1;9445505279;S
20240119;102421;6855.000000000;1;9445505443;S
20240119;102421;6856.000000000;1;9445505459;B
20240119;102422;6856.000000000;1;9445505534;B
20240119;102425;6856.000000000;5;9445505901;B
20240119;102433;6856.000000000;1;9445506740;B
20240119;102445;6854.500000000;1;9445508066;S
20240119;102445;6854.500000000;5;9445508067;S
20240119;102449;6854.000000000;5;9445509090;S
20240119;102455;6855.500000000;1;9445509875;B
20240119;102456;6854.500000000;10;9445509958;S
20240119;102456;6854.000000000;1;9445509959;S
20240119;102456;6854.000000000;11;9445509960;S
20240119;102500;6854.000000000;2;9445510224;S
20240119;102501;6854.500000000;1;9445510370;B
20240119;102501;6854.500000000;1;9445510371;B
20240119;102505;6854.000000000;1;9445510722;S
20240119;102524;6854.500000000;5;9445512816;B
20240119;102525;6854.500000000;3;9445512959;B
20240119;102539;6854.500000000;10;9445514615;B
20240119;102540;6854.500000000;1;9445514653;S
20240119;102542;6855.000000000;1;9445514858;B
20240119;102545;6854.500000000;9;9445515240;S
20240119;102545;6854.000000000;6;9445515241;S
20240119;102547;6855.000000000;1;9445515504;B
20240119;102548;6855.000000000;1;9445515597;B
20240119;102550;6855.000000000;1;9445515766;B
20240119;102554;6854.500000000;2;9445516163;S
20240119;102600;6854.500000000;1;9445516562;S
20240119;102600;6854.500000000;1;9445516649;S
20240119;102604;6855.000000000;1;9445517034;B
20240119;102615;6855.000000000;1;9445518185;B
20240119;102615;6855.000000000;10;9445518210;B
20240119;102620;6854.500000000;1;9445518607;S
20240119;102634;6854.500000000;4;9445520290;S
20240119;102634;6855.000000000;1;9445520332;B
20240119;102635;6855.000000000;3;9445520423;B
20240119;102635;6854.500000000;3;9445520458;S
20240119;102639;6854.500000000;1;9445520742;S
20240119;102645;6855.000000000;1;9445521540;B
20240119;102645;6855.000000000;42;9445521543;B
20240119;102645;6855.000000000;16;9445521544;B
20240119;102648;6855.500000000;4;9445521820;S
20240119;102651;6855.500000000;4;9445522107;S
20240119;102652;6855.500000000;1;9445522202;S
20240119;102656;6856.000000000;1;9445522717;B
20240119;102658;6856.000000000;1;9445522900;B
20240119;102700;6855.500000000;4;9445523045;S
20240119;102703;6855.000000000;1;9445523620;S
20240119;102716;6855.500000000;1;9445525160;B
20240119;102716;6855.500000000;3;9445525161;B
20240119;102720;6856.000000000;1;9445525594;B
20240119;102732;6855.500000000;5;9445527834;S
20240119;102733;6855.500000000;1;9445527909;S
20240119;102733;6855.500000000;5;9445528194;S
20240119;102734;6856.000000000;1;9445528368;B
20240119;102734;6856.000000000;100;9445528369;B
20240119;102734;6856.000000000;10;9445528370;B
20240119;102734;6856.000000000;11;9445528371;B
20240119;102735;6856.000000000;4;9445528523;S
20240119;102736;6856.500000000;1;9445528715;B
20240119;102736;6856.500000000;1;9445528716;B
20240119;102736;6856.000000000;2;9445528809;S
20240119;102737;6856.500000000;10;9445528828;B
20240119;102737;6856.500000000;1;9445528829;B
20240119;102737;6856.500000000;10;9445528830;B
20240119;102737;6856.500000000;2;9445528878;S
20240119;102739;6856.500000000;10;9445529151;B
20240119;102739;6857.000000000;1;9445529152;B
20240119;102739;6857.000000000;60;9445529153;B
20240119;102739;6857.500000000;10;9445529246;B
20240119;102740;6857.000000000;13;9445529290;S
20240119;102740;6857.500000000;31;9445529301;B
20240119;102740;6857.500000000;9;9445529302;B
20240119;102740;6858.000000000;20;9445529303;B
20240119;102742;6858.500000000;6;9445529658;S
20240119;102742;6859.000000000;1;9445529679;B
20240119;102742;6859.500000000;1;9445529680;B
20240119;102744;6859.500000000;1;9445529979;B
20240119;102744;6859.500000000;6;9445529980;B
20240119;102745;6859.500000000;10;9445530205;B
20240119;102745;6860.000000000;230;9445530206;B
20240119;102745;6860.000000000;12;9445530207;B
20240119;102745;6860.000000000;2;9445530208;B
20240119;102745;6860.000000000;1;9445530209;B
20240119;102745;6860.000000000;1;9445530210;B
20240119;102745;6860.000000000;2;9445530211;B
20240119;102752;6859.500000000;1;9445531377;B
20240119;102800;6858.000000000;6;9445532334;S
20240119;102800;6858.000000000;6;9445532335;S
20240119;102803;6858.500000000;1;9445532720;B
20240119;102803;6859.000000000;1;9445532721;B
20240119;102803;6860.000000000;5;9445532722;B
20240119;102803;6860.000000000;1;9445532723;B
20240119;102803;6860.000000000;6;9445532724;B
20240119;102803;6860.000000000;2;9445532725;B
20240119;102804;6859.500000000;1;9445532827;B
20240119;102808;6858.000000000;2;9445533225;S
20240119;102809;6857.500000000;1;9445533324;S
20240119;102812;6857.500000000;3;9445533543;S
20240119;102812;6857.500000000;6;9445533581;B
20240119;102812;6857.500000000;10;9445533582;B
20240119;102815;6858.000000000;10;9445534134;B
20240119;102815;6858.500000000;10;9445534135;B
20240119;102820;6858.000000000;3;9445534644;S
20240119;102820;6857.500000000;9;9445534714;S
20240119;102824;6858.500000000;10;9445535106;B
20240119;102829;6858.500000000;1;9445535611;S
20240119;102830;6859.000000000;17;9445535691;B
20240119;102830;6859.000000000;17;9445535723;B
20240119;102831;6858.500000000;2;9445535833;S
20240119;102832;6858.500000000;3;9445535913;S
20240119;102840;6858.500000000;3;9445537520;S
20240119;102842;6858.500000000;2;9445537881;S
20240119;102847;6859.000000000;66;9445538677;B
20240119;102847;6859.000000000;1;9445538678;B
20240119;102850;6859.000000000;6;9445538940;S
20240119;102850;6859.000000000;1;9445538941;S
20240119;102851;6859.500000000;3;9445539095;B
20240119;102851;6860.000000000;7;9445539117;B
20240119;102852;6860.000000000;93;9445539197;B
20240119;102852;6860.000000000;93;9445539198;B
20240119;102852;6860.000000000;15;9445539199;B
20240119;102857;6860.000000000;2;9445539718;B
20240119;102900;6859.500000000;6;9445540032;S
20240119;102900;6859.500000000;5;9445540033;S
20240119;102902;6859.000000000;1;9445540295;S
20240119;102909;6859.000000000;1;9445541164;S
20240119;102912;6859.500000000;1;9445541700;B
20240119;102919;6859.000000000;10;9445542774;S
20240119;102919;6859.000000000;1;9445542775;S
20240119;102919;6859.000000000;39;9445542776;S
20240119;102919;6859.000000000;1;9445542777;S
20240119;102920;6859.000000000;3;9445542848;S
20240119;102923;6859.500000000;2;9445543194;B
20240119;102924;6859.000000000;1;9445543223;S
20240119;102926;6859.500000000;27;9445543397;B
20240119;102926;6859.500000000;4;9445543398;B
20240119;102926;6859.500000000;4;9445543399;B
20240119;102926;6859.500000000;1;9445543400;B
20240119;102926;6859.500000000;1;9445543401;B
20240119;102926;6859.500000000;1;9445543404;B
20240119;102926;6859.500000000;1;9445543405;B
20240119;102926;6859.500000000;1;9445543408;B
20240119;102928;6859.500000000;1;9445543497;B
20240119;102928;6859.500000000;1;9445543498;B
20240119;102928;6859.500000000;1;9445543499;B
20240119;102928;6859.500000000;1;9445543547;B
20240119;102928;6859.500000000;1;9445543550;B
20240119;102928;6859.500000000;1;9445543551;B
20240119;102928;6859.000000000;5;9445543641;S
20240119;102928;6858.500000000;1;9445543642;S
20240119;102932;6858.500000000;2;9445544052;B
20240119;102938;6859.000000000;10;9445544768;B
20240119;102938;6859.000000000;285;9445544797;B
20240119;102938;6859.000000000;10;9445544798;B
20240119;102938;6859.500000000;2;9445544799;B
20240119;102938;6859.500000000;5;9445544800;B
20240119;102938;6860.000000000;90;9445544801;B
20240119;102938;6860.000000000;8;9445544802;B
20240119;102938;6860.000000000;1;9445544803;B
20240119;102938;6860.000000000;1;9445544804;B
20240119;102938;6860.000000000;15;9445544805;B
20240119;102938;6860.500000000;1;9445544806;B
20240119;102938;6860.500000000;2;9445544807;B
20240119;102938;6860.500000000;10;9445544808;B
20240119;102940;6859.000000000;10;9445544876;S
20240119;102943;6859.000000000;2;9445545223;B
20240119;102955;6859.000000000;9;9445546318;B
20240119;102955;6859.000000000;4;9445546319;B
20240119;103000;6859.500000000;2;9445546768;S
20240119;103002;6859.500000000;1;9445547237;S
20240119;103002;6859.000000000;2;9445547238;S
20240119;103002;6859.000000000;36;9445547239;S
20240119;103002;6859.000000000;1;9445547240;S
20240119;103002;6859.000000000;10;9445547241;S
20240119;103002;6858.000000000;1;9445547242;S
20240119;103002;6857.500000000;49;9445547243;S
20240119;103003;6858.000000000;10;9445547339;S
20240119;103003;6857.500000000;1;9445547340;S
20240119;103007;6857.500000000;5;9445547773;B
20240119;103010;6857.500000000;3;9445548058;B
20240119;103013;6857.000000000;1;9445548301;S
20240119;103015;6857.500000000;1;9445548568;B
20240119;103015;6857.000000000;1;9445548585;S
20240119;103016;6856.000000000;1;9445548650;S
20240119;103019;6857.500000000;1;9445548994;B
20240119;103020;6855.500000000;3;9445549020;S
20240119;103026;6855.500000000;2;9445549929;S
20240119;103027;6855.500000000;11;9445549952;S
20240119;103031;6855.500000000;9;9445550434;S
20240119;103031;6855.500000000;1;9445550435;S
20240119;103031;6855.500000000;10;9445550436;S
20240119;103031;6855.000000000;1;9445550437;S
20240119;103031;6855.000000000;1;9445550438;S
20240119;103031;6855.000000000;50;9445550439;S
20240119;103031;6855.000000000;5;9445550440;S
20240119;103031;6854.500000000;27;9445550441;S
20240119;103031;6854.500000000;1;9445550442;S
20240119;103031;6854.500000000;11;9445550443;S
20240119;103031;6854.500000000;36;9445550444;S
20240119;103031;6854.000000000;4;9445550445;S
20240119;103031;6854.000000000;3;9445550446;S
20240119;103031;6854.000000000;72;9445550447;S
20240119;103031;6854.000000000;1;9445550448;S
20240119;103031;6854.000000000;11;9445550449;S
20240119;103031;6854.000000000;73;9445550450;S
20240119;103031;6853.500000000;1;9445550451;S
20240119;103031;6853.500000000;11;9445550452;S
20240119;103031;6853.500000000;15;9445550453;S
20240119;103031;6853.000000000;7;9445550454;S
20240119;103031;6852.500000000;26;9445550455;S
20240119;103031;6852.500000000;1;9445550456;S
20240119;103031;6852.500000000;8;9445550457;S
20240119;103031;6852.500000000;1;9445550458;S
20240119;103031;6852.500000000;88;9445550459;S
20240119;103031;6852.000000000;72;9445550460;S
20240119;103031;6852.000000000;1;9445550461;S
20240119;103031;6852.000000000;1;9445550462;S
20240119;103031;6852.000000000;88;9445550463;S
20240119;103031;6851.500000000;1;9445550464;S
20240119;103031;6851.500000000;10;9445550465;S
20240119;103031;6851.500000000;1;9445550466;S
20240119;103031;6851.500000000;44;9445550467;S
20240119;103031;6851.500000000;60;9445550468;S
20240119;103031;6851.000000000;80;9445550469;S
20240119;103031;6851.000000000;22;9445550470;S
20240119;103031;6850.500000000;1;9445550471;S
20240119;103031;6850.500000000;2;9445550472;S
20240119;103031;6850.500000000;2;9445550473;S
20240119;103031;6850.500000000;2;9445550474;S
20240119;103031;6850.500000000;1;9445550475;S
20240119;103031;6850.500000000;5;9445550476;S
20240119;103031;6850.500000000;2;9445550477;S
20240119;103031;6850.500000000;131;9445550478;S
20240119;103038;6851.500000000;1;9445551275;S
20240119;103040;6852.000000000;20;9445551436;S
20240119;103040;6852.000000000;10;9445551437;S
20240119;103045;6852.000000000;1;9445552043;B
20240119;103046;6851.500000000;1;9445552107;S
20240119;103047;6851.500000000;1;9445552164;S
20240119;103047;6851.500000000;2;9445552188;S
20240119;103048;6851.500000000;1;9445552248;S
20240119;103100;6851.000000000;5;9445554077;S
20240119;103103;6850.500000000;50;9445554638;S
20240119;103105;6851.000000000;1;9445554833;B
20240119;103108;6851.000000000;2;9445555093;B
20240119;103108;6851.000000000;1;9445555108;B
20240119;103110;6850.000000000;69;9445555326;S
20240119;103110;6850.000000000;2;9445555327;S
20240119;103110;6850.000000000;5;9445555328;S
20240119;103110;6850.000000000;2;9445555329;S
20240119;103110;6850.000000000;2;9445555330;S
20240119;103110;6850.000000000;1;9445555331;S
20240119;103110;6850.000000000;7;9445555332;S
20240119;103110;6850.000000000;1;9445555333;S
20240119;103110;6850.000000000;50;9445555334;S
20240119;103110;6850.000000000;1;9445555335;S
20240119;103110;6850.000000000;1;9445555336;S
20240119;103110;6850.000000000;1;9445555337;S
20240119;103110;6850.000000000;3;9445555338;S
20240119;103110;6850.000000000;1;9445555339;S
20240119;103110;6850.000000000;100;9445555340;S
20240119;103110;6850.000000000;4;9445555341;S
20240119;103110;6850.000000000;2;9445555342;S
20240119;103110;6850.000000000;1;9445555343;S
20240119;103110;6850.000000000;1;9445555344;S
20240119;103110;6850.000000000;4;9445555345;S
20240119;103110;6850.000000000;3;9445555346;S
20240119;103110;6850.000000000;4;9445555347;S
20240119;103110;6850.000000000;2;9445555348;S
20240119;103110;6850.000000000;3;9445555349;S
20240119;103110;6850.000000000;2;9445555350;S
20240119;103110;6850.000000000;3;9445555351;S
20240119;103110;6850.000000000;2;9445555352;S
20240119;103110;6850.000000000;3;9445555353;S
20240119;103110;6850.000000000;2;9445555354;S
20240119;103110;6850.000000000;1;9445555355;S
20240119;103110;6850.000000000;50;9445555356;S
20240119;103110;6850.000000000;1;9445555357;S
20240119;103110;6850.000000000;2;9445555358;S
20240119;103110;6850.000000000;25;9445555359;S
20240119;103110;6850.000000000;2;9445555360;S
20240119;103110;6850.000000000;1;9445555361;S
20240119;103110;6850.000000000;1;9445555362;S
20240119;103110;6850.000000000;1;9445555363;S
20240119;103110;6850.000000000;1;9445555364;S
20240119;103110;6850.000000000;1;9445555365;S
20240119;103110;6850.000000000;3;9445555366;S
20240119;103110;6850.000000000;10;9445555367;S
20240119;103110;6850.000000000;1;9445555368;S
20240119;103110;6850.000000000;10;9445555369;S
20240119;103110;6850.000000000;40;9445555370;S
20240119;103110;6850.000000000;1;9445555371;S
20240119;103110;6850.000000000;2;9445555372;S
20240119;103110;6850.000000000;1;9445555373;S
20240119;103110;6850.000000000;1;9445555374;S
20240119;103110;6850.000000000;5;9445555375;S
20240119;103110;6850.000000000;10;9445555376;S
20240119;103110;6850.000000000;1;9445555377;S
20240119;103110;6850.000000000;1;9445555378;S
20240119;103110;6850.000000000;5;9445555379;S
20240119;103110;6850.000000000;1;9445555380;S
20240119;103110;6850.000000000;1;9445555381;S
20240119;103110;6850.000000000;1;9445555382;S
20240119;103110;6850.000000000;4;9445555383;S
20240119;103110;6850.000000000;466;9445555384;S
20240119;103110;6850.000000000;28;9445555385;S
20240119;103110;6850.000000000;306;9445555386;S
20240119;103110;6849.500000000;5;9445555387;S
20240119;103110;6849.500000000;2;9445555388;S
20240119;103110;6849.500000000;1;9445555389;S
20240119;103110;6849.000000000;1;9445555390;S
20240119;103110;6849.000000000;1;9445555391;S
20240119;103110;6849.000000000;10;9445555392;S
20240119;103110;6849.000000000;2;9445555393;S
20240119;103110;6849.000000000;2;9445555394;S
20240119;103110;6849.000000000;19;9445555395;S
20240119;103110;6849.000000000;25;9445555396;S
20240119;103110;6848.500000000;1;9445555397;S
20240119;103110;6848.500000000;1;9445555398;S
20240119;103110;6848.000000000;5;9445555399;S
20240119;103110;6848.000000000;1;9445555400;S
20240119;103110;6848.000000000;1;9445555401;S
20240119;103110;6848.000000000;14;9445555402;S
20240119;103110;6847.500000000;1;9445555403;S
20240119;103110;6847.500000000;2;9445555404;S
20240119;103110;6847.000000000;1;9445555405;S
20240119;103110;6847.000000000;1;9445555406;S
20240119;103110;6847.000000000;2;9445555407;S
20240119;103110;6847.000000000;20;9445555408;S
20240119;103110;6847.000000000;1;9445555409;S
20240119;103110;6847.000000000;1;9445555410;S
20240119;103110;6847.000000000;1;9445555411;S
20240119;103110;6846.500000000;3;9445555412;S
20240119;103110;6846.500000000;5;9445555413;S
20240119;103110;6846.000000000;2;9445555414;S
20240119;103110;6846.000000000;3;9445555415;S
20240119;103110;6846.000000000;1;9445555416;S
20240119;103110;6846.000000000;1;9445555417;S
20240119;103110;6846.000000000;2;9445555418;S
20240119;103110;6846.000000000;50;9445555419;S
20240119;103110;6846.000000000;2;9445555420;S
20240119;103110;6846.000000000;14;9445555421;S
20240119;103110;6846.500000000;10;9445555469;B
20240119;103110;6846.500000000;5;9445555470;B
20240119;103110;6847.000000000;50;9445555471;B
20240119;103110;6848.000000000;11;9445555472;B
20240119;103110;6848.000000000;15;9445555473;B
20240119;103110;6848.500000000;9;9445555474;B
20240119;103111;6846.500000000;3;9445555481;S
20240119;103111;6846.500000000;1;9445555501;S
20240119;103112;6846.500000000;5;9445555761;B
20240119;103113;6845.500000000;1;9445555834;S
20240119;103113;6845.500000000;3;9445555835;S
20240119;103113;6845.500000000;2;9445555836;S
20240119;103113;6845.500000000;3;9445555837;S
20240119;103113;6845.500000000;1;9445555838;S
20240119;103113;6845.500000000;20;9445555843;S
20240119;103113;6845.500000000;2;9445555863;S
20240119;103113;6845.500000000;27;9445555890;S
20240119;103113;6845.500000000;5;9445555891;S
20240119;103113;6845.000000000;1;9445555892;S
20240119;103113;6845.000000000;1;9445555893;S
20240119;103113;6845.000000000;2;9445555894;S
20240119;103113;6845.000000000;1;9445555895;S
20240119;103113;6845.000000000;6;9445555896;S
20240119;103113;6845.000000000;5;9445555897;S
20240119;103113;6845.000000000;10;9445555898;S
20240119;103113;6845.000000000;1;9445555899;S
20240119;103113;6845.000000000;2;9445555900;S
20240119;103113;6845.000000000;1;9445555901;S
20240119;103113;6845.000000000;1;9445555902;S
20240119;103113;6845.000000000;5;9445555903;S
20240119;103113;6845.000000000;1;9445555904;S
20240119;103113;6845.000000000;2;9445555905;S
20240119;103113;6844.500000000;1;9445555906;S
20240119;103113;6844.500000000;3;9445555907;S
20240119;103113;6844.500000000;3;9445555908;S
20240119;103113;6844.000000000;1;9445555909;S
20240119;103113;6844.000000000;7;9445555910;S
20240119;103113;6844.000000000;10;9445555911;S
20240119;103113;6844.000000000;2;9445555912;S
20240119;103113;6844.000000000;6;9445555913;S
20240119;103113;6844.000000000;24;9445555914;S
20240119;103113;6844.000000000;10;9445555919;S
20240119;103113;6844.500000000;1;9445555923;B
20240119;103113;6844.500000000;1;9445555925;B
20240119;103113;6844.000000000;20;9445555932;S
20240119;103113;6844.000000000;5;9445555951;S
20240119;103114;6844.500000000;1;9445555971;B
20240119;103114;6844.000000000;41;9445555973;S
20240119;103114;6844.000000000;1;9445555974;S
20240119;103114;6844.000000000;1;9445555975;S
20240119;103114;6843.500000000;1;9445555976;S
20240119;103114;6843.500000000;1;9445555977;S
20240119;103114;6843.500000000;2;9445555990;S
20240119;103114;6843.500000000;2;9445555991;S
20240119;103114;6843.500000000;2;9445555992;S
20240119;103114;6843.500000000;2;9445555993;S
20240119;103114;6843.500000000;2;9445555994;S
20240119;103114;6844.000000000;1;9445556000;B
20240119;103114;6843.500000000;5;9445556031;S
20240119;103114;6843.500000000;3;9445556061;S
20240119;103115;6843.500000000;4;9445556069;S
20240119;103115;6843.500000000;40;9445556075;S
20240119;103115;6843.500000000;14;9445556076;S
20240119;103115;6843.500000000;16;9445556077;S
20240119;103115;6843.500000000;30;9445556157;S
20240119;103115;6843.500000000;10;9445556158;S
20240119;103115;6843.500000000;4;9445556159;S
20240119;103115;6843.500000000;2;9445556160;S
20240119;103115;6843.500000000;24;9445556161;S
20240119;103115;6843.500000000;10;9445556167;S
20240119;103115;6843.500000000;10;9445556180;S
20240119;103115;6843.500000000;30;9445556181;S
20240119;103115;6843.500000000;10;9445556182;S
20240119;103115;6843.500000000;100;9445556183;S
20240119;103115;6843.500000000;10;9445556184;S
20240119;103115;6843.500000000;6;9445556185;S
20240119;103115;6843.000000000;2;9445556186;S
20240119;103115;6843.000000000;2;9445556187;S
20240119;103115;6843.000000000;2;9445556188;S
20240119;103115;6843.000000000;1;9445556189;S
20240119;103115;6843.000000000;10;9445556190;S
20240119;103115;6843.000000000;1;9445556191;S
20240119;103115;6843.000000000;2;9445556192;S
20240119;103115;6842.500000000;5;9445556197;S
20240119;103115;6842.500000000;2;9445556198;S
20240119;103115;6842.500000000;2;9445556199;S
20240119;103115;6842.000000000;3;9445556200;S
20240119;103115;6842.000000000;1;9445556201;S
20240119;103115;6842.000000000;2;9445556202;S
20240119;103115;6842.000000000;2;9445556203;S
20240119;103115;6842.000000000;2;9445556204;S
20240119;103115;6842.000000000;1;9445556205;S
20240119;103115;6842.000000000;2;9445556206;S
20240119;103115;6842.000000000;1;9445556207;S
20240119;103115;6842.000000000;6;9445556208;S
20240119;103115;6841.500000000;2;9445556209;S
20240119;103115;6841.500000000;100;9445556210;S
20240119;103115;6841.500000000;6;9445556211;S
20240119;103115;6841.500000000;2;9445556212;S
20240119;103115;6841.500000000;20;9445556213;S
20240119;103115;6841.500000000;5;9445556214;S
20240119;103115;6841.500000000;2;9445556215;S
20240119;103115;6841.500000000;1;9445556216;S
20240119;103115;6841.000000000;1;9445556217;S
20240119;103115;6841.000000000;10;9445556218;S
20240119;103115;6841.000000000;2;9445556219;S
20240119;103115;6841.000000000;50;9445556220;S
20240119;103115;6841.000000000;2;9445556221;S
20240119;103115;6841.000000000;1;9445556222;S
20240119;103115;6841.000000000;1;9445556223;S
20240119;103115;6841.000000000;1;9445556224;S
20240119;103115;6841.000000000;1;9445556225;S
20240119;103115;6840.500000000;1;9445556226;S
20240119;103115;6840.500000000;4;9445556227;S
20240119;103115;6840.500000000;2;9445556228;S
20240119;103115;6840.500000000;6;9445556229;S
20240119;103115;6840.500000000;1;9445556230;S
20240119;103115;6840.500000000;1;9445556231;S
20240119;103115;6840.500000000;1;9445556232;S
20240119;103115;6840.500000000;1;9445556233;S
20240119;103115;6840.500000000;10;9445556234;S
20240119;103115;6840.000000000;1;9445556235;S
20240119;103115;6840.000000000;25;9445556236;S
20240119;103115;6840.000000000;1;9445556237;S
20240119;103115;6840.000000000;5;9445556238;S
20240119;103115;6840.000000000;3;9445556239;S
20240119;103115;6840.000000000;1;9445556240;S
20240119;103115;6840.000000000;3;9445556241;S
20240119;103115;6840.000000000;10;9445556242;S
20240119;103115;6840.000000000;5;9445556243;S
20240119;103115;6840.000000000;1;9445556244;S
20240119;103115;6840.000000000;2;9445556245;S
20240119;103115;6840.000000000;10;9445556246;S
20240119;103115;6840.000000000;5;9445556247;S
20240119;103115;6840.000000000;1;9445556248;S
20240119;103115;6840.000000000;1;9445556249;S
20240119;103115;6840.000000000;10;9445556250;S
20240119;103115;6840.000000000;1;9445556251;S
20240119;103115;6840.000000000;1;9445556252;S
20240119;103115;6840.000000000;1;9445556253;S
20240119;103115;6840.000000000;2;9445556254;S
20240119;103115;6840.000000000;1;9445556255;S
20240119;103115;6840.000000000;1;9445556256;S
20240119;103115;6840.000000000;1;9445556257;S
20240119;103115;6840.000000000;5;9445556258;S
20240119;103115;6840.000000000;2;9445556259;S
20240119;103115;6840.000000000;50;9445556260;S
20240119;103115;6840.000000000;2;9445556261;S
20240119;103115;6840.000000000;3;9445556262;S
20240119;103115;6840.000000000;10;9445556263;S
20240119;103115;6840.000000000;1;9445556264;S
20240119;103115;6840.000000000;100;9445556265;S
20240119;103115;6840.000000000;50;9445556266;S
20240119;103115;6840.000000000;3;9445556267;S
20240119;103115;6840.000000000;1;9445556268;S
20240119;103115;6840.000000000;1;9445556269;S
20240119;103115;6840.000000000;1;9445556270;S
20240119;103115;6840.000000000;1;9445556271;S
20240119;103115;6840.000000000;3;9445556272;S
20240119;103115;6840.000000000;1;9445556273;S
20240119;103115;6840.000000000;10;9445556274;S
20240119;103115;6840.000000000;100;9445556275;S
20240119;103115;6839.500000000;1;9445556276;S
20240119;103115;6839.500000000;2;9445556277;S
20240119;103115;6839.000000000;100;9445556278;S
20240119;103115;6839.000000000;5;9445556279;S
20240119;103115;6839.000000000;2;9445556280;S
20240119;103115;6839.000000000;2;9445556281;S
20240119;103115;6839.000000000;1;9445556282;S
20240119;103115;6839.000000000;1;9445556283;S
20240119;103115;6839.000000000;11;9445556284;S
20240119;103115;6839.000000000;15;9445556285;S
20240119;103115;6838.500000000;2;9445556286;S
20240119;103115;6838.500000000;11;9445556287;S
20240119;103115;6838.000000000;1;9445556288;S
20240119;103115;6838.000000000;1;9445556289;S
20240119;103115;6838.000000000;2;9445556290;S
20240119;103115;6838.000000000;30;9445556291;S
20240119;103115;6838.000000000;2;9445556292;S
20240119;103115;6838.000000000;1;9445556293;S
20240119;103115;6838.000000000;1;9445556294;S
20240119;103115;6838.000000000;5;9445556295;S
20240119;103115;6838.000000000;8;9445556296;S
20240119;103115;6838.000000000;20;9445556297;S
20240119;103115;6838.000000000;11;9445556298;S
20240119;103115;6838.000000000;44;9445556299;S
20240119;103115;6837.500000000;2;9445556300;S
20240119;103115;6837.500000000;200;9445556301;S
20240119;103115;6837.500000000;1;9445556302;S
20240119;103115;6837.500000000;11;9445556303;S
20240119;103115;6837.500000000;36;9445556304;S
20240119;103115;6837.000000000;25;9445556305;S
20240119;103115;6837.000000000;2;9445556306;S
20240119;103115;6837.000000000;20;9445556307;S
20240119;103115;6837.000000000;300;9445556308;S
20240119;103115;6836.500000000;2;9445556309;S
20240119;103115;6836.500000000;600;9445556310;S
20240119;103115;6836.000000000;1;9445556311;S
20240119;103115;6836.000000000;3;9445556312;S
20240119;103115;6836.000000000;2;9445556313;S
20240119;103115;6836.000000000;1;9445556314;S
20240119;103115;6836.000000000;1;9445556315;S
20240119;103115;6836.000000000;300;9445556316;S
20240119;103115;6835.500000000;5;9445556317;S
20240119;103115;6835.500000000;1;9445556318;S
20240119;103115;6835.500000000;3;9445556319;S
20240119;103115;6835.500000000;3;9445556320;S
20240119;103115;6835.500000000;2;9445556321;S
20240119;103115;6835.500000000;1;9445556322;S
20240119;103115;6836.000000000;73;9445556323;S
20240119;103115;6835.500000000;5;9445556324;S
20240119;103115;6835.500000000;50;9445556325;S
20240119;103115;6835.500000000;83;9445556326;S
20240119;103115;6835.000000000;3;9445556327;S
20240119;103115;6835.000000000;2;9445556328;S
20240119;103115;6835.000000000;1;9445556329;S
20240119;103115;6835.000000000;10;9445556330;S
20240119;103115;6835.000000000;1;9445556331;S
20240119;103115;6835.000000000;5;9445556332;S
20240119;103115;6835.000000000;14;9445556333;S
20240119;103115;6835.000000000;1;9445556334;S
20240119;103115;6835.000000000;1;9445556335;S
20240119;103115;6835.000000000;4;9445556336;S
20240119;103115;6835.000000000;72;9445556337;S
20240119;103115;6835.000000000;8;9445556338;S
20240119;103115;6835.000000000;5;9445556339;S
20240119;103115;6835.000000000;1;9445556340;S
20240119;103115;6834.500000000;2;9445556341;S
20240119;103115;6834.500000000;2;9445556342;S
20240119;103115;6834.500000000;1;9445556343;S
20240119;103115;6835.000000000;10;9445556345;B
20240119;103115;6834.500000000;2;9445556347;S
20240119;103115;6834.500000000;30;9445556348;S
20240119;103115;6834.500000000;11;9445556349;S
20240119;103115;6834.500000000;2;9445556353;B
20240119;103115;6834.500000000;5;9445556354;B
20240119;103115;6834.500000000;7;9445556355;B
20240119;103115;6834.500000000;3;9445556356;B
20240119;103115;6834.000000000;2;9445556357;S
20240119;103115;6834.000000000;2;9445556358;S
20240119;103115;6834.500000000;11;9445556359;S
20240119;103115;6834.500000000;10;9445556377;S
20240119;103115;6834.500000000;23;9445556390;S
20240119;103115;6834.000000000;5;9445556396;S
20240119;103115;6833.500000000;3;9445556440;S
20240119;103115;6833.500000000;2;9445556441;S
20240119;103115;6833.500000000;10;9445556442;S
20240119;103115;6833.500000000;44;9445556443;S
20240119;103115;6833.000000000;5;9445556444;S
20240119;103115;6833.000000000;5;9445556445;S
20240119;103115;6833.000000000;2;9445556446;S
20240119;103115;6833.000000000;10;9445556447;S
20240119;103115;6833.000000000;20;9445556448;S
20240119;103115;6833.000000000;1;9445556449;S
20240119;103115;6833.000000000;6;9445556450;S
20240119;103115;6832.500000000;3;9445556451;S
20240119;103115;6832.500000000;2;9445556452;S
20240119;103115;6832.500000000;200;9445556453;S
20240119;103115;6832.500000000;1;9445556454;S
20240119;103115;6832.000000000;1;9445556455;S
20240119;103115;6832.000000000;1;9445556456;S
20240119;103115;6832.000000000;1;9445556457;S
20240119;103115;6832.000000000;5;9445556458;S
