<DATE>;<TIME>;<LAST>;<VOL>;<ID>;<OPER>
20240116;095941;6884.500000000;1;9393882659;B
20240116;095941;6884.500000000;2;9393882660;B
20240116;095941;6884.500000000;6;9393882661;B
20240116;095941;6884.500000000;24;9393882662;B
20240116;095941;6884.500000000;5;9393882663;B
20240116;095941;6884.500000000;5;9393882664;B
20240116;095941;6884.500000000;1;9393882665;B
20240116;095941;6884.500000000;2;9393882666;B
20240116;095941;6884.500000000;13;9393882667;S
20240116;095941;6884.500000000;1;9393882668;S
20240116;095941;6884.500000000;2;9393882669;B
20240116;095941;6884.500000000;4;9393882670;B
20240116;095941;6884.500000000;2;9393882671;S
20240116;095941;6884.500000000;15;9393882672;B
20240116;095941;6884.500000000;5;9393882673;B
20240116;095941;6884.500000000;1;9393882674;B
20240116;095941;6884.500000000;1;9393882675;B
20240116;095941;6884.500000000;1;9393882676;B
20240116;095941;6884.500000000;9;9393882677;B
20240116;095941;6884.500000000;1;9393882678;B
20240116;095941;6884.500000000;1;9393882679;B
20240116;095941;6884.500000000;4;9393882680;B
20240116;095941;6884.500000000;1;9393882681;B
20240116;095941;6884.500000000;2;9393882682;B
20240116;095941;6884.500000000;1;9393882683;B
20240116;095941;6884.500000000;1;9393882684;B
20240116;095941;6884.500000000;1;9393882685;B
20240116;095941;6884.500000000;7;9393882686;B
20240116;095941;6884.500000000;3;9393882687;B
20240116;095941;6884.500000000;1;9393882688;B
20240116;095941;6884.500000000;1;9393882689;B
20240116;095941;6884.500000000;1;9393882690;B
20240116;095941;6884.500000000;6;9393882691;B
20240116;095941;6884.500000000;5;9393882692;B
20240116;095941;6884.500000000;1;9393882693;B
20240116;095941;6884.500000000;1;9393882694;B
20240116;095941;6884.500000000;1;9393882695;B
20240116;095941;6884.500000000;1;9393882696;B
20240116;095941;6884.500000000;2;9393882697;B
20240116;095941;6884.500000000;2;9393882698;B
20240116;095941;6884.500000000;1;9393882699;B
20240116;095941;6884.500000000;1;9393882700;S
20240116;095941;6884.500000000;1;9393882701;S
20240116;095941;6884.500000000;5;9393882702;S
20240116;095941;6884.500000000;5;9393882703;B
20240116;095941;6884.500000000;80;9393882704;S
20240116;095941;6884.500000000;9;9393882705;B
20240116;095941;6884.500000000;2;9393882706;B
20240116;095941;6884.500000000;15;9393882707;B
20240116;095941;6884.500000000;1;9393882708;S
20240116;095941;6884.500000000;10;9393882709;B
20240116;095941;6884.500000000;7;9393882710;S
20240116;095941;6884.500000000;7;9393882711;S
20240116;095941;6884.500000000;2;9393882712;S
20240116;095941;6884.500000000;5;9393882713;S
20240116;095941;6884.500000000;2;9393882714;S
20240116;095941;6884.500000000;1;9393882715;S
20240116;095941;6884.500000000;3;9393882716;B
20240116;095941;6884.500000000;2;9393882717;B
20240116;095941;6884.500000000;14;9393882718;B
20240116;095941;6884.500000000;10;9393882719;B
20240116;095941;6884.500000000;1;9393882720;S
20240116;095941;6884.500000000;3;9393882721;S
20240116;095941;6884.500000000;1;9393882722;S
20240116;095941;6884.500000000;2;9393882723;S
20240116;095941;6884.500000000;13;9393882724;S
20240116;095941;6884.500000000;2;9393882725;S
20240116;095941;6884.500000000;63;9393882726;S
20240116;095941;6884.500000000;5;9393882727;S
20240116;095941;6884.500000000;2;9393882728;S
20240116;095941;6884.500000000;1;9393882729;S
20240116;095941;6884.500000000;1;9393882730;S
20240116;095941;6884.500000000;5;9393882731;S
20240116;095941;6884.500000000;1;9393882732;S
20240116;095941;6884.500000000;1;9393882733;S
20240116;095941;6884.500000000;2;9393882734;S
20240116;095941;6884.500000000;1;9393882735;S
20240116;095941;6884.500000000;1;9393882736;S
20240116;095941;6884.500000000;2;9393882737;S
20240116;095941;6884.500000000;65;9393882738;S
20240116;095941;6884.500000000;1;9393882739;S
20240116;095941;6884.500000000;4;9393882740;S
20240116;095941;6884.500000000;23;9393882741;S
20240116;095941;6884.500000000;3;9393882742;S
20240116;095941;6884.500000000;1;9393882743;S
20240116;095941;6884.500000000;8;9393882744;S
20240116;095941;6884.500000000;21;9393882745;B
20240116;095941;6884.500000000;1;9393882746;S
20240116;095941;6884.500000000;1;9393882747;B
20240116;095941;6884.500000000;1;9393882748;B
20240116;095941;6884.500000000;17;9393882749;S
20240116;095941;6884.500000000;1;9393882750;B
20240116;095941;6884.500000000;8;9393882751;B
20240116;095941;6884.500000000;10;9393882752;S
20240116;095941;6884.500000000;10;9393882753;S
20240116;095941;6884.500000000;10;9393882754;S
20240116;095941;6884.500000000;20;9393882755;S
20240116;095941;6884.500000000;27;9393882756;S
20240116;095941;6884.500000000;10;9393882757;S
20240116;095941;6884.500000000;1;9393882758;S
20240116;095941;6884.500000000;1;9393882759;S
20240116;095941;6884.500000000;5;9393882760;S
20240116;095941;6884.500000000;4;9393882761;S
20240116;095941;6884.500000000;5;9393882762;S
20240116;095941;6884.500000000;43;9393882763;S
20240116;095941;6884.500000000;1;9393882764;B
20240116;095941;6884.500000000;2;9393882765;S
20240116;095941;6884.500000000;1;9393882766;S
20240116;095941;6884.500000000;1;9393882767;S
20240116;095941;6884.500000000;1;9393882768;S
20240116;095941;6884.500000000;3;9393882769;S
20240116;095941;6884.500000000;8;9393882770;S
20240116;095941;6884.500000000;3;9393882771;S
20240116;095941;6884.500000000;1;9393882772;S
20240116;095941;6884.500000000;2;9393882773;S
20240116;095941;6884.500000000;3;9393882774;S
20240116;095941;6884.500000000;2;9393882775;S
20240116;095941;6884.500000000;6;9393882776;S
20240116;095941;6884.500000000;2;9393882777;S
20240116;095941;6884.500000000;1;9393882778;S
20240116;095941;6884.500000000;1;9393882779;S
20240116;095941;6884.500000000;5;9393882780;S
20240116;095941;6884.500000000;10;9393882781;S
20240116;095941;6884.500000000;1;9393882782;S
20240116;095941;6884.500000000;1;9393882783;S
20240116;095941;6884.500000000;1;9393882784;S
20240116;095941;6884.500000000;1;9393882785;S
20240116;095941;6884.500000000;3;9393882786;S
20240116;095941;6884.500000000;30;9393882787;S
20240116;095941;6884.500000000;2;9393882788;S
20240116;095941;6884.500000000;1;9393882789;S
20240116;095941;6884.500000000;3;9393882790;S
20240116;095941;6884.500000000;1;9393882791;S
20240116;095941;6884.500000000;5;9393882792;S
20240116;095941;6884.500000000;1;9393882793;S
20240116;095941;6884.500000000;15;9393882794;S
20240116;100000;6884.000000000;10;9393889299;S
20240116;100000;6884.000000000;10;9393889300;S
20240116;100000;6884.000000000;10;9393889301;S
20240116;100000;6884.000000000;6;9393889311;S
20240116;100000;6883.500000000;5;9393889514;S
20240116;100000;6883.500000000;3;9393889515;S
20240116;100000;6883.500000000;29;9393889516;S
20240116;100000;6884.000000000;4;9393889937;B
20240116;100000;6883.500000000;2;9393889977;S
20240116;100000;6884.500000000;29;9393889998;B
20240116;100000;6884.500000000;7;9393889999;B
20240116;100000;6884.500000000;6;9393890001;B
20240116;100000;6884.000000000;2;9393890054;S
20240116;100000;6884.000000000;37;9393890055;S
20240116;100000;6883.500000000;5;9393890056;S
20240116;100000;6883.500000000;11;9393890057;S
20240116;100000;6883.500000000;3;9393890058;S
20240116;100000;6883.500000000;10;9393890059;S
20240116;100000;6883.500000000;10;9393890060;S
20240116;100000;6883.000000000;1;9393890061;S
20240116;100000;6883.000000000;1;9393890062;S
20240116;100000;6882.000000000;3;9393890067;S
20240116;100001;6881.500000000;5;9393890344;S
20240116;100001;6881.000000000;3;9393890345;S
20240116;100001;6881.000000000;1;9393890346;S
20240116;100001;6880.500000000;1;9393890347;S
20240116;100001;6880.500000000;1;9393890348;S
20240116;100001;6880.500000000;1;9393890349;S
20240116;100001;6880.500000000;1;9393890350;S
20240116;100001;6880.500000000;1;9393890351;S
20240116;100001;6880.500000000;3;9393890352;S
20240116;100001;6880.500000000;2;9393890353;S
20240116;100001;6880.500000000;1;9393890354;S
20240116;100001;6881.000000000;10;9393890484;S
20240116;100001;6882.000000000;1;9393890794;B
20240116;100001;6882.500000000;4;9393890795;B
20240116;100001;6880.500000000;6;9393890827;S
20240116;100001;6881.000000000;2;9393890884;S
20240116;100001;6880.500000000;2;9393890885;S
20240116;100002;6882.000000000;15;9393891096;B
20240116;100002;6880.000000000;1;9393891237;S
20240116;100002;6880.000000000;5;9393891238;S
20240116;100002;6881.500000000;1;9393891394;B
20240116;100002;6881.000000000;1;9393891606;S
20240116;100002;6881.000000000;4;9393891607;S
20240116;100002;6881.000000000;6;9393891702;S
20240116;100003;6880.500000000;1;9393891788;S
20240116;100003;6880.500000000;7;9393891789;S
20240116;100003;6880.500000000;5;9393891804;S
20240116;100003;6880.500000000;3;9393891813;S
20240116;100003;6880.500000000;25;9393891821;S
20240116;100003;6880.500000000;13;9393891866;S
20240116;100003;6880.000000000;12;9393891867;S
20240116;100003;6880.000000000;20;9393891868;S
20240116;100003;6880.000000000;13;9393891869;S
20240116;100003;6880.000000000;2;9393891870;S
20240116;100003;6880.000000000;2;9393891871;S
20240116;100003;6880.000000000;1;9393891872;S
20240116;100003;6880.000000000;2;9393891873;S
20240116;100003;6880.000000000;1;9393891874;S
20240116;100003;6880.000000000;1;9393891875;S
20240116;100003;6880.000000000;1;9393891876;S
20240116;100003;6880.000000000;1;9393891877;S
20240116;100003;6880.000000000;1;9393891878;S
20240116;100003;6880.000000000;50;9393891879;S
20240116;100003;6880.000000000;2;9393891880;S
20240116;100003;6880.000000000;5;9393891881;S
20240116;100003;6880.000000000;2;9393891882;S
20240116;100003;6880.000000000;7;9393891883;S
20240116;100003;6880.000000000;1;9393891884;S
20240116;100003;6880.000000000;5;9393891885;S
20240116;100003;6880.000000000;1;9393891886;S
20240116;100003;6880.000000000;8;9393891887;S
20240116;100003;6880.000000000;1;9393891888;S
20240116;100003;6880.000000000;3;9393891889;S
20240116;100003;6880.000000000;4;9393891890;S
20240116;100003;6880.000000000;1;9393891891;S
20240116;100003;6880.000000000;140;9393891894;S
20240116;100003;6881.000000000;1;9393891927;B
20240116;100003;6880.000000000;3;9393891932;S
20240116;100003;6881.000000000;5;9393891943;B
20240116;100003;6880.000000000;30;9393892065;S
20240116;100004;6880.500000000;9;9393892138;B
20240116;100004;6880.500000000;10;9393892139;B
20240116;100004;6881.000000000;14;9393892140;B
20240116;100004;6881.000000000;67;9393892141;B
20240116;100004;6882.000000000;1;9393892359;B
20240116;100004;6882.000000000;6;9393892834;B
20240116;100005;6880.000000000;1;9393893085;S
20240116;100005;6882.000000000;1;9393893658;B
20240116;100005;6880.500000000;2;9393893752;S
20240116;100005;6880.500000000;42;9393893753;S
20240116;100005;6880.500000000;10;9393893754;S
20240116;100005;6880.500000000;12;9393893755;S
20240116;100005;6880.000000000;36;9393893756;S
20240116;100005;6881.500000000;1;9393894072;B
20240116;100005;6880.000000000;1;9393894320;S
20240116;100006;6881.500000000;1;9393895125;B
20240116;100006;6880.000000000;9;9393895126;S
20240116;100006;6880.000000000;1;9393895129;S
20240116;100006;6880.000000000;7;9393895300;S
20240116;100006;6881.500000000;1;9393895594;B
20240116;100006;6880.000000000;8;9393895597;S
20240116;100006;6881.000000000;1;9393895824;B
20240116;100007;6880.000000000;5;9393895958;S
20240116;100007;6880.000000000;9;9393896235;S
20240116;100008;6880.000000000;6;9393896905;S
20240116;100008;6881.000000000;1;9393896952;B
20240116;100008;6880.000000000;1;9393896953;S
20240116;100008;6881.000000000;1;9393896954;B
20240116;100008;6880.000000000;3;9393896955;S
20240116;100008;6881.000000000;1;9393897218;B
20240116;100009;6880.000000000;1;9393898408;S
20240116;100010;6880.500000000;1;9393898983;B
20240116;100010;6880.500000000;4;9393899166;B
20240116;100010;6880.500000000;1;9393899214;B
20240116;100010;6880.500000000;1;9393899342;B
20240116;100010;6880.000000000;350;9393899491;S
20240116;100010;6880.500000000;1;9393899699;B
20240116;100011;6880.500000000;1;9393899818;B
20240116;100011;6880.500000000;1;9393899827;B
20240116;100011;6880.500000000;3;9393899948;B
20240116;100011;6880.500000000;1;9393900039;B
20240116;100012;6880.500000000;5;9393900787;B
20240116;100013;6880.500000000;1;9393901479;B
20240116;100013;6881.500000000;13;9393901480;B
20240116;100013;6881.500000000;10;9393901481;B
20240116;100013;6882.000000000;19;9393901482;B
20240116;100013;6882.000000000;57;9393901483;B
20240116;100013;6880.000000000;6;9393901488;S
20240116;100014;6880.000000000;2;9393901734;S
20240116;100015;6881.500000000;30;9393902450;S
20240116;100015;6881.000000000;44;9393902451;S
20240116;100015;6880.500000000;14;9393902452;S
20240116;100015;6880.500000000;10;9393902453;S
20240116;100015;6880.000000000;2;9393902454;S
20240116;100016;6880.500000000;10;9393902513;S
20240116;100016;6880.500000000;20;9393902514;S
20240116;100016;6882.000000000;10;9393902578;B
20240116;100016;6882.500000000;13;9393902579;B
20240116;100016;6883.000000000;27;9393902580;B
20240116;100017;6882.500000000;6;9393902746;S
20240116;100017;6882.500000000;4;9393902786;S
20240116;100017;6882.000000000;1;9393902787;S
20240116;100018;6882.500000000;10;9393903000;S
20240116;100018;6882.000000000;9;9393903001;S
20240116;100018;6882.000000000;36;9393903002;S
20240116;100018;6881.500000000;11;9393903080;S
20240116;100018;6881.500000000;10;9393903081;S
20240116;100018;6880.500000000;19;9393903082;S
20240116;100018;6881.500000000;5;9393903116;B
20240116;100020;6881.000000000;2;9393903559;S
20240116;100020;6880.500000000;6;9393903560;S
20240116;100020;6881.500000000;2;9393903593;B
20240116;100022;6881.000000000;1;9393904056;B
20240116;100022;6881.500000000;10;9393904125;B
20240116;100022;6881.500000000;12;9393904126;B
20240116;100022;6882.000000000;521;9393904127;B
20240116;100023;6882.000000000;1;9393904278;B
20240116;100023;6882.000000000;5;9393904428;B
20240116;100024;6882.000000000;3;9393904581;B
20240116;100025;6881.000000000;13;9393904758;S
20240116;100025;6881.000000000;44;9393904759;S
20240116;100025;6881.000000000;5;9393904760;S
20240116;100025;6880.500000000;40;9393904761;S
20240116;100027;6881.500000000;1;9393905844;B
20240116;100028;6881.500000000;9;9393906462;B
20240116;100028;6881.500000000;11;9393906463;B
20240116;100029;6881.000000000;2;9393906647;S
20240116;100029;6881.000000000;10;9393906669;S
20240116;100029;6882.000000000;1;9393906826;B
20240116;100030;6881.000000000;3;9393906900;B
20240116;100030;6881.000000000;2;9393907037;S
20240116;100030;6882.000000000;1;9393907091;B
20240116;100031;6881.000000000;1;9393907326;S
20240116;100032;6881.000000000;2;9393907370;S
20240116;100032;6881.000000000;1;9393907419;S
20240116;100033;6881.500000000;2;9393907543;S
20240116;100035;6882.000000000;35;9393907970;B
20240116;100035;6882.000000000;2;9393907993;B
20240116;100036;6881.500000000;2;9393908163;S
20240116;100036;6881.500000000;28;9393908319;S
20240116;100037;6882.000000000;10;9393908336;B
20240116;100037;6883.500000000;4;9393908338;B
20240116;100037;6884.500000000;11;9393908340;B
20240116;100037;6885.000000000;1;9393908341;B
20240116;100037;6885.000000000;10;9393908342;B
20240116;100037;6885.000000000;7;9393908343;B
20240116;100037;6885.500000000;1;9393908361;B
20240116;100037;6885.000000000;2;9393908362;S
20240116;100037;6885.000000000;6;9393908418;S
20240116;100037;6885.500000000;1;9393908422;B
20240116;100038;6885.000000000;2;9393908541;S
20240116;100038;6885.000000000;10;9393908542;S
20240116;100038;6884.500000000;93;9393908543;S
20240116;100038;6884.500000000;15;9393908544;S
20240116;100038;6884.500000000;60;9393908545;S
20240116;100038;6883.500000000;15;9393908546;S
20240116;100038;6882.000000000;2;9393908547;S
20240116;100038;6882.000000000;44;9393908548;S
20240116;100038;6882.000000000;36;9393908549;S
20240116;100038;6882.000000000;44;9393908550;S
20240116;100038;6882.000000000;44;9393908551;S
20240116;100038;6882.000000000;61;9393908552;B
20240116;100038;6882.000000000;129;9393908553;B
20240116;100038;6882.000000000;162;9393908554;B
20240116;100038;6882.000000000;1;9393908556;B
20240116;100038;6881.500000000;1;9393908582;S
20240116;100038;6881.500000000;1;9393908583;S
20240116;100038;6882.000000000;1;9393908707;B
20240116;100038;6882.000000000;2;9393908708;B
20240116;100038;6882.000000000;6;9393908739;B
20240116;100038;6882.000000000;10;9393908741;B
20240116;100039;6881.500000000;1;9393908834;S
20240116;100039;6881.500000000;16;9393908974;S
20240116;100040;6882.000000000;1;9393909043;B
20240116;100040;6881.500000000;14;9393909154;S
20240116;100041;6882.000000000;40;9393909294;B
20240116;100041;6881.500000000;44;9393909351;S
20240116;100041;6881.500000000;1;9393909352;S
20240116;100041;6881.000000000;8;9393909353;S
20240116;100041;6881.000000000;33;9393909354;S
20240116;100041;6881.000000000;17;9393909355;S
20240116;100041;6881.500000000;44;9393909422;S
20240116;100041;6881.000000000;33;9393909423;S
20240116;100041;6881.000000000;15;9393909424;S
20240116;100041;6880.500000000;30;9393909425;S
20240116;100041;6880.500000000;10;9393909426;S
20240116;100041;6880.500000000;10;9393909427;S
20240116;100041;6880.000000000;132;9393909428;S
20240116;100041;6880.000000000;19;9393909429;S
20240116;100041;6880.000000000;2;9393909430;S
20240116;100041;6880.000000000;1;9393909431;S
20240116;100041;6880.000000000;10;9393909432;S
20240116;100041;6880.000000000;2;9393909433;S
20240116;100041;6880.000000000;1;9393909434;S
20240116;100041;6880.000000000;2;9393909435;S
20240116;100041;6880.000000000;3;9393909436;S
20240116;100041;6880.000000000;500;9393909437;S
20240116;100041;6880.000000000;1;9393909438;S
20240116;100041;6880.000000000;4;9393909439;S
20240116;100041;6880.000000000;1;9393909440;S
20240116;100041;6880.000000000;5;9393909441;S
20240116;100041;6880.000000000;1;9393909442;S
20240116;100041;6880.000000000;149;9393909443;S
20240116;100041;6880.000000000;309;9393909444;S
20240116;100041;6880.000000000;163;9393909445;S
20240116;100041;6880.000000000;22;9393909446;S
20240116;100041;6880.000000000;8;9393909447;S
20240116;100041;6880.500000000;2;9393909448;S
20240116;100042;6881.500000000;1;9393909546;B
20240116;100043;6880.500000000;42;9393909877;S
20240116;100043;6880.500000000;10;9393909878;S
20240116;100043;6880.000000000;147;9393909879;S
20240116;100043;6880.000000000;50;9393909880;S
20240116;100043;6880.000000000;1;9393909881;S
20240116;100044;6882.000000000;1;9393909934;B
20240116;100045;6880.500000000;13;9393910291;S
20240116;100046;6880.500000000;8;9393910473;S
20240116;100046;6882.000000000;1;9393910573;B
20240116;100046;6880.500000000;19;9393910626;S
20240116;100047;6880.500000000;3;9393910801;S
20240116;100048;6882.000000000;1;9393910852;B
20240116;100049;6882.000000000;4;9393911172;B
20240116;100049;6880.500000000;1;9393911190;S
20240116;100049;6880.500000000;3;9393911267;S
20240116;100051;6880.500000000;13;9393911568;S
20240116;100053;6881.000000000;10;9393911959;B
20240116;100053;6880.500000000;6;9393912091;S
20240116;100054;6881.500000000;1;9393912286;B
20240116;100054;6881.000000000;7;9393912372;S
20240116;100056;6881.000000000;30;9393912763;S
20240116;100056;6881.500000000;1;9393912768;S
20240116;100057;6882.000000000;1;9393913033;B
20240116;100058;6883.000000000;10;9393913157;S
20240116;100058;6883.000000000;60;9393913158;S
20240116;100058;6882.500000000;11;9393913159;S
20240116;100058;6882.500000000;16;9393913160;S
20240116;100058;6881.500000000;15;9393913161;S
20240116;100058;6881.500000000;200;9393913253;B
20240116;100058;6881.500000000;50;9393913254;B
20240116;100058;6881.500000000;1;9393913346;B
20240116;100059;6881.500000000;21;9393913698;B
20240116;100059;6881.500000000;2;9393913753;B
20240116;100101;6881.000000000;1;9393916348;S
20240116;100101;6881.500000000;1;9393918597;B
20240116;100101;6881.000000000;43;9393918598;S
20240116;100101;6881.000000000;57;9393918599;S
20240116;100102;6881.500000000;1;9393924233;B
20240116;100102;6881.000000000;16;9393924284;S
20240116;100102;6880.500000000;3;9393924285;S
20240116;100102;6880.500000000;6;9393924286;S
20240116;100105;6881.500000000;1;9393924593;B
20240116;100106;6881.000000000;2;9393924728;B
20240116;100110;6880.500000000;1;9393925368;S
20240116;100110;6880.500000000;1;9393925369;S
20240116;100110;6881.000000000;2;9393925399;B
20240116;100111;6881.500000000;10;9393925653;B
20240116;100112;6881.500000000;5;9393925812;B
20240116;100113;6881.000000000;3;9393925953;S
20240116;100113;6881.000000000;10;9393925954;S
20240116;100113;6881.000000000;1;9393925955;S
20240116;100113;6880.500000000;16;9393925956;S
20240116;100113;6880.500000000;41;9393925957;S
20240116;100113;6880.500000000;55;9393925958;S
20240116;100113;6880.500000000;1;9393925959;S
20240116;100113;6880.000000000;7;9393925960;S
20240116;100113;6880.000000000;97;9393925961;S
20240116;100113;6880.000000000;19;9393925962;S
20240116;100114;6881.000000000;16;9393926049;B
20240116;100115;6881.000000000;10;9393926226;S
20240116;100116;6881.000000000;3;9393926365;S
20240116;100116;6881.000000000;4;9393926446;S
20240116;100118;6881.500000000;10;9393926572;S
20240116;100118;6881.500000000;1;9393926580;B
20240116;100119;6881.000000000;5;9393926799;S
20240116;100120;6881.000000000;4;9393926942;S
20240116;100120;6881.000000000;2;9393926993;S
20240116;100121;6881.500000000;10;9393927184;B
20240116;100123;6881.500000000;2;9393927479;B
20240116;100124;6881.500000000;4;9393927568;B
20240116;100124;6881.000000000;11;9393927569;S
20240116;100124;6881.000000000;60;9393927570;S
20240116;100125;6881.000000000;8;9393927611;S
20240116;100125;6881.500000000;1;9393927706;B
20240116;100125;6881.500000000;10;9393927778;B
20240116;100127;6881.500000000;3;9393927999;B
20240116;100129;6881.000000000;2;9393928248;S
20240116;100129;6881.500000000;1;9393928358;B
20240116;100131;6881.000000000;18;9393928564;S
20240116;100132;6881.000000000;3;9393928740;S
20240116;100136;6881.000000000;16;9393929479;S
20240116;100136;6881.000000000;4;9393929480;S
20240116;100136;6881.000000000;7;9393929481;S
20240116;100136;6881.000000000;2;9393929482;S
20240116;100136;6881.000000000;2;9393929483;S
20240116;100136;6880.500000000;2;9393929484;S
20240116;100136;6880.500000000;12;9393929485;S
20240116;100137;6880.500000000;1;9393929599;S
20240116;100137;6880.500000000;1;9393929600;S
20240116;100137;6880.500000000;25;9393929601;S
20240116;100137;6880.500000000;4;9393929602;S
20240116;100137;6880.500000000;2;9393929603;S
20240116;100137;6880.500000000;23;9393929604;S
20240116;100137;6880.500000000;12;9393929605;S
20240116;100138;6880.500000000;3;9393929688;S
20240116;100138;6880.000000000;12;9393929760;S
20240116;100138;6880.500000000;1;9393929791;B
20240116;100138;6880.500000000;1;9393929806;B
20240116;100139;6880.000000000;15;9393929895;S
20240116;100139;6880.000000000;6;9393929896;S
20240116;100140;6880.000000000;5;9393930134;S
20240116;100140;6880.500000000;2;9393930139;B
20240116;100141;6880.500000000;1;9393930312;B
20240116;100144;6880.000000000;31;9393930741;S
20240116;100145;6880.000000000;1;9393930858;S
20240116;100146;6880.500000000;1;9393930962;B
20240116;100146;6880.000000000;1;9393931042;S
20240116;100148;6880.000000000;1;9393931334;S
20240116;100150;6880.000000000;5;9393931552;S
20240116;100152;6880.000000000;2;9393931788;S
20240116;100152;6880.000000000;53;9393931789;S
20240116;100152;6880.000000000;37;9393931790;S
20240116;100152;6880.000000000;38;9393931791;S
20240116;100152;6880.000000000;40;9393931792;S
20240116;100152;6880.000000000;30;9393931793;S
20240116;100152;6880.000000000;15;9393931828;S
20240116;100154;6880.500000000;1;9393932104;B
20240116;100155;6880.000000000;55;9393932276;S
20240116;100156;6880.000000000;6;9393932386;S
20240116;100158;6880.000000000;2;9393932586;S
20240116;100158;6880.000000000;32;9393932587;S
20240116;100158;6880.000000000;6;9393932588;S
20240116;100158;6880.000000000;9;9393932589;S
20240116;100158;6880.000000000;100;9393932590;S
20240116;100158;6880.000000000;35;9393932591;S
20240116;100158;6880.000000000;21;9393932592;S
20240116;100158;6880.000000000;52;9393932593;S
20240116;100158;6880.000000000;242;9393932594;S
20240116;100158;6880.000000000;2;9393932596;S
20240116;100159;6880.000000000;5;9393932761;S
20240116;100159;6880.000000000;10;9393932823;S
20240116;100201;6880.500000000;10;9393933139;B
20240116;100201;6880.500000000;40;9393933140;B
20240116;100204;6880.500000000;10;9393933477;B
20240116;100205;6880.000000000;21;9393933666;S
20240116;100206;6880.000000000;35;9393933830;S
20240116;100207;6880.000000000;5;9393933971;S
20240116;100208;6880.500000000;3;9393934140;B
20240116;100209;6880.000000000;173;9393934214;S
20240116;100209;6880.000000000;22;9393934215;S
20240116;100209;6880.000000000;1;9393934216;S
20240116;100209;6880.000000000;4;9393934217;S
20240116;100210;6880.000000000;3;9393934338;S
20240116;100210;6880.000000000;111;9393934344;S
20240116;100211;6880.000000000;16;9393934558;S
20240116;100211;6880.000000000;2;9393934559;S
20240116;100211;6880.000000000;2;9393934560;S
20240116;100212;6880.500000000;1;9393934665;B
20240116;100215;6880.500000000;1;9393935031;B
20240116;100216;6880.500000000;2;9393935243;B
20240116;100217;6880.000000000;2;9393935271;S
20240116;100218;6880.000000000;2;9393935473;S
20240116;100218;6880.000000000;16;9393935474;S
20240116;100218;6880.000000000;5;9393935475;S
20240116;100218;6880.000000000;7;9393935476;S
20240116;100218;6880.500000000;1;9393935553;B
20240116;100218;6880.000000000;2;9393935575;S
20240116;100218;6880.000000000;30;9393935576;S
20240116;100218;6880.000000000;9;9393935577;S
20240116;100218;6880.000000000;18;9393935578;S
20240116;100218;6880.000000000;62;9393935579;S
20240116;100221;6880.500000000;1;9393936146;B
20240116;100223;6880.500000000;1;9393936382;B
20240116;100224;6880.500000000;1;9393936436;B
20240116;100224;6880.000000000;1;9393936479;S
20240116;100224;6880.000000000;1;9393936480;S
20240116;100226;6880.500000000;1;9393936732;B
20240116;100226;6880.000000000;43;9393936740;S
20240116;100226;6880.000000000;16;9393936741;S
20240116;100226;6880.500000000;2;9393936828;B
20240116;100227;6880.000000000;10;9393936874;S
20240116;100227;6880.000000000;11;9393936885;S
20240116;100228;6880.500000000;1;9393936957;B
20240116;100229;6880.500000000;1;9393937173;B
20240116;100229;6880.500000000;1;9393937184;B
20240116;100230;6880.500000000;1;9393937366;B
20240116;100232;6880.500000000;10;9393937673;B
20240116;100233;6880.500000000;1;9393937709;B
20240116;100233;6880.500000000;2;9393937755;B
20240116;100235;6880.500000000;1;9393937952;B
20240116;100235;6880.000000000;54;9393937996;S
20240116;100235;6880.000000000;43;9393937997;S
20240116;100235;6880.000000000;53;9393937998;S
20240116;100236;6880.500000000;1;9393938228;B
20240116;100237;6880.000000000;5;9393938383;S
20240116;100238;6880.000000000;30;9393938439;S
20240116;100238;6880.500000000;3;9393938527;B
20240116;100238;6880.500000000;1;9393938528;B
20240116;100240;6880.000000000;10;9393938901;S
20240116;100242;6880.500000000;1;9393939165;B
20240116;100243;6880.500000000;1;9393939369;B
20240116;100244;6880.500000000;1;9393939619;B
20240116;100245;6880.500000000;2;9393939778;B
20240116;100248;6880.000000000;5;9393940170;S
20240116;100249;6880.000000000;1;9393940421;S
20240116;100251;6880.500000000;1;9393940689;B
20240116;100251;6880.000000000;20;9393940717;S
20240116;100252;6880.000000000;3;9393940857;S
20240116;100257;6880.000000000;20;9393941616;S
20240116;100258;6880.000000000;30;9393941683;S
20240116;100259;6880.500000000;1;9393941904;B
20240116;100305;6880.500000000;1;9393942981;B
20240116;100307;6880.000000000;1;9393943469;S
20240116;100309;6880.000000000;66;9393943855;S
20240116;100310;6880.000000000;1;9393943993;S
20240116;100311;6880.500000000;15;9393944177;B
20240116;100313;6880.500000000;5;9393944466;B
20240116;100313;6880.000000000;6;9393944472;S
20240116;100314;6880.500000000;5;9393944581;B
20240116;100315;6880.500000000;5;9393944693;B
20240116;100318;6880.000000000;30;9393945239;S
20240116;100320;6880.000000000;197;9393945589;S
20240116;100320;6880.000000000;3;9393945590;S
20240116;100321;6880.000000000;4;9393945749;S
20240116;100322;6880.000000000;1;9393945823;S
20240116;100322;6880.000000000;7;9393945847;S
20240116;100323;6880.000000000;20;9393946093;S
20240116;100324;6880.000000000;5;9393946322;S
20240116;100325;6880.000000000;33;9393946468;S
20240116;100325;6880.000000000;42;9393946469;S
20240116;100327;6880.000000000;1;9393946719;S
20240116;100329;6880.000000000;2;9393947012;S
20240116;100329;6880.000000000;5;9393947046;S
20240116;100330;6880.000000000;1;9393947149;S
20240116;100331;6880.000000000;3;9393947224;S
20240116;100331;6880.000000000;4;9393947225;S
20240116;100331;6880.000000000;2;9393947314;S
20240116;100332;6880.500000000;2;9393947405;B
20240116;100333;6880.000000000;1;9393947611;S
20240116;100335;6880.000000000;1;9393947847;S
20240116;100337;6880.500000000;1;9393948272;B
20240116;100338;6880.000000000;20;9393948334;S
20240116;100338;6880.000000000;3;9393948335;S
20240116;100338;6880.000000000;8;9393948336;S
20240116;100338;6880.500000000;3;9393948356;B
20240116;100338;6880.500000000;1;9393948417;B
20240116;100338;6880.000000000;10;9393948439;S
20240116;100338;6880.000000000;1;9393948440;S
20240116;100338;6880.000000000;1;9393948441;S
20240116;100341;6880.500000000;10;9393948764;B
20240116;100341;6880.000000000;5;9393948766;S
20240116;100342;6880.000000000;15;9393948830;S
20240116;100342;6880.000000000;45;9393948895;S
20240116;100342;6880.000000000;25;9393948896;S
20240116;100343;6880.500000000;2;9393948979;B
20240116;100345;6880.500000000;24;9393949248;B
20240116;100345;6880.500000000;26;9393949249;B
20240116;100346;6880.000000000;16;9393949497;S
20240116;100347;6880.000000000;2;9393949665;S
20240116;100348;6880.500000000;11;9393949799;B
20240116;100349;6880.000000000;36;9393949823;S
20240116;100349;6880.000000000;58;9393949824;S
20240116;100349;6880.000000000;24;9393949825;S
20240116;100349;6880.000000000;31;9393949826;S
20240116;100350;6880.000000000;1;9393949962;S
20240116;100350;6880.500000000;5;9393949985;B
20240116;100352;6880.500000000;4;9393950322;B
20240116;100355;6880.500000000;54;9393950660;B
20240116;100355;6880.500000000;15;9393950661;B
20240116;100355;6880.500000000;36;9393950662;B
20240116;100355;6880.500000000;3;9393950663;B
20240116;100355;6880.500000000;42;9393950664;B
20240116;100357;6880.000000000;137;9393950954;S
20240116;100357;6880.000000000;12;9393950955;S
20240116;100357;6880.000000000;55;9393950956;S
20240116;100357;6880.000000000;266;9393950957;S
20240116;100357;6880.000000000;120;9393950958;S
20240116;100357;6880.000000000;113;9393950959;S
20240116;100357;6880.000000000;32;9393950960;S
20240116;100357;6880.000000000;265;9393950961;S
20240116;100358;6880.000000000;30;9393951000;S
20240116;100358;6880.000000000;2;9393951146;S
20240116;100359;6880.000000000;30;9393951237;S
20240116;100400;6880.000000000;2;9393951417;S
20240116;100401;6880.000000000;7;9393951615;S
20240116;100401;6880.500000000;1;9393951622;B
20240116;100401;6880.000000000;2;9393951659;S
20240116;100401;6880.000000000;248;9393951660;S
20240116;100402;6880.500000000;50;9393951785;B
20240116;100403;6880.500000000;50;9393952046;B
20240116;100403;6880.500000000;1;9393952174;B
20240116;100404;6880.000000000;5;9393952254;S
20240116;100405;6880.000000000;38;9393952393;S
20240116;100405;6880.000000000;45;9393952394;S
20240116;100405;6880.000000000;26;9393952395;S
20240116;100405;6880.000000000;4;9393952396;S
20240116;100405;6880.000000000;8;9393952397;S
20240116;100405;6880.000000000;42;9393952398;S
20240116;100405;6880.000000000;1;9393952399;S
20240116;100405;6880.000000000;2;9393952400;S
20240116;100405;6880.000000000;1;9393952401;S
20240116;100405;6880.000000000;2;9393952402;S
20240116;100405;6880.000000000;3;9393952403;S
20240116;100405;6880.000000000;11;9393952404;S
20240116;100405;6880.000000000;71;9393952405;S
20240116;100405;6880.000000000;14;9393952406;S
20240116;100405;6880.000000000;64;9393952407;S
20240116;100405;6880.000000000;236;9393952408;S
20240116;100405;6880.000000000;10;9393952409;S
20240116;100405;6880.000000000;37;9393952410;S
20240116;100405;6880.000000000;20;9393952411;S
20240116;100405;6880.000000000;13;9393952412;S
20240116;100405;6880.000000000;175;9393952413;S
20240116;100406;6880.500000000;1;9393952622;B
20240116;100407;6880.000000000;8;9393952657;S
20240116;100407;6880.000000000;51;9393952817;S
20240116;100407;6880.000000000;82;9393952818;S
20240116;100407;6880.000000000;296;9393952819;S
20240116;100407;6880.000000000;25;9393952820;S
20240116;100407;6880.000000000;6;9393952821;S
20240116;100407;6880.000000000;6;9393952822;S
20240116;100407;6880.000000000;281;9393952823;S
20240116;100407;6880.000000000;33;9393952824;S
20240116;100407;6880.000000000;50;9393952825;S
20240116;100407;6880.000000000;77;9393952826;S
20240116;100407;6880.000000000;10;9393952827;S
20240116;100407;6880.000000000;22;9393952828;S
20240116;100407;6880.000000000;40;9393952829;S
20240116;100407;6880.000000000;11;9393952830;S
20240116;100407;6880.000000000;241;9393952831;S
20240116;100407;6880.000000000;1103;9393952832;S
20240116;100407;6880.000000000;56;9393952833;S
20240116;100407;6880.000000000;28;9393952834;S
20240116;100407;6880.000000000;224;9393952835;S
20240116;100407;6880.000000000;162;9393952836;S
20240116;100407;6880.000000000;21;9393952837;S
20240116;100407;6880.000000000;800;9393952838;S
20240116;100407;6880.000000000;127;9393952839;S
20240116;100407;6880.000000000;267;9393952840;S
20240116;100407;6880.000000000;54;9393952841;S
20240116;100407;6880.000000000;1027;9393952842;S
20240116;100407;6880.000000000;13;9393952843;S
20240116;100407;6880.000000000;15;9393952844;S
20240116;100407;6880.000000000;16;9393952845;S
20240116;100407;6880.000000000;46;9393952846;S
20240116;100407;6880.000000000;202;9393952847;S
20240116;100407;6880.000000000;58;9393952848;S
20240116;100407;6880.000000000;5;9393952849;S
20240116;100407;6880.000000000;16;9393952850;S
20240116;100407;6880.000000000;17;9393952851;S
20240116;100407;6880.000000000;5;9393952852;S
20240116;100407;6880.000000000;54;9393952853;S
20240116;100407;6880.000000000;5;9393952854;S
20240116;100407;6880.000000000;22;9393952855;S
20240116;100407;6880.000000000;48;9393952856;S
20240116;100407;6880.000000000;28;9393952857;S
20240116;100407;6880.000000000;110;9393952858;S
20240116;100407;6880.000000000;1;9393952859;S
20240116;100407;6880.000000000;30;9393952860;S
20240116;100407;6880.000000000;30;9393952861;S
20240116;100407;6880.000000000;37;9393952862;S
20240116;100407;6880.000000000;11;9393952863;S
20240116;100407;6880.000000000;11;9393952864;S
20240116;100407;6880.000000000;6;9393952865;S
20240116;100407;6880.000000000;96;9393952866;S
20240116;100407;6880.000000000;276;9393952867;S
20240116;100407;6880.000000000;13;9393952868;S
20240116;100407;6880.000000000;179;9393952869;S
20240116;100407;6880.000000000;194;9393952870;S
20240116;100407;6880.000000000;374;9393952871;S
20240116;100407;6880.000000000;56;9393952872;S
20240116;100407;6880.000000000;18;9393952873;S
20240116;100407;6880.000000000;12;9393952874;S
20240116;100407;6880.000000000;18;9393952875;S
20240116;100407;6880.000000000;46;9393952876;S
20240116;100407;6880.000000000;30;9393952877;S
20240116;100407;6880.000000000;3;9393952878;S
20240116;100407;6880.000000000;2;9393952879;S
20240116;100407;6880.000000000;2;9393952880;S
20240116;100407;6880.000000000;2;9393952881;S
20240116;100407;6880.000000000;1;9393952882;S
20240116;100407;6880.000000000;10;9393952883;S
20240116;100407;6880.000000000;14;9393952884;S
20240116;100407;6880.000000000;44;9393952885;S
20240116;100407;6880.000000000;14;9393952886;S
20240116;100407;6880.000000000;7;9393952887;S
20240116;100407;6880.000000000;18;9393952888;S
20240116;100407;6880.000000000;108;9393952889;S
20240116;100407;6880.000000000;6;9393952890;S
20240116;100407;6880.000000000;1;9393952891;S
20240116;100407;6880.000000000;150;9393952892;S
20240116;100407;6880.000000000;1;9393952893;S
20240116;100407;6880.000000000;9;9393952894;S
20240116;100407;6880.000000000;1;9393952895;S
20240116;100407;6880.000000000;3;9393952896;S
20240116;100407;6880.000000000;1;9393952897;S
20240116;100407;6880.000000000;45;9393952898;S
20240116;100407;6880.000000000;9;9393952899;S
20240116;100407;6880.000000000;50;9393952900;S
20240116;100407;6880.000000000;2;9393952901;S
20240116;100407;6880.000000000;2;9393952902;S
20240116;100407;6880.000000000;1;9393952903;S
20240116;100407;6880.000000000;1;9393952904;S
20240116;100407;6880.000000000;5;9393952905;S
20240116;100407;6880.000000000;1;9393952906;S
20240116;100407;6880.000000000;1500;9393952907;S
20240116;100407;6880.000000000;1;9393952908;S
20240116;100407;6880.000000000;10;9393952909;S
20240116;100407;6880.000000000;4;9393952910;S
20240116;100407;6880.000000000;2;9393952911;S
20240116;100407;6880.000000000;1;9393952912;S
20240116;100407;6880.000000000;145;9393952913;S
20240116;100407;6880.000000000;1;9393952914;S
20240116;100407;6880.000000000;1;9393952915;S
20240116;100407;6879.500000000;2;9393952917;S
20240116;100407;6879.500000000;5;9393952918;S
20240116;100407;6879.000000000;1;9393952919;S
20240116;100407;6879.000000000;9;9393952920;S
20240116;100407;6879.000000000;1;9393952921;S
20240116;100407;6879.000000000;5;9393952922;S
20240116;100407;6879.000000000;1;9393952923;S
20240116;100407;6879.000000000;50;9393952924;S
20240116;100407;6878.500000000;5;9393952925;S
20240116;100407;6878.500000000;3;9393952926;S
20240116;100407;6878.500000000;3;9393952927;S
20240116;100407;6878.000000000;1;9393952935;S
20240116;100407;6878.000000000;2;9393952936;S
20240116;100407;6878.000000000;1;9393952937;S
20240116;100407;6878.000000000;3;9393952938;S
20240116;100408;6878.000000000;1;9393952941;S
20240116;100408;6878.000000000;1;9393952944;S
20240116;100408;6878.000000000;1;9393952945;S
20240116;100408;6878.000000000;4;9393952951;S
20240116;100408;6878.000000000;1;9393952952;S
20240116;100408;6877.500000000;2;9393952953;S
20240116;100408;6877.500000000;2;9393952954;S
20240116;100408;6877.500000000;2;9393952955;S
20240116;100408;6877.500000000;1;9393952956;S
20240116;100408;6877.500000000;5;9393952957;S
20240116;100408;6877.500000000;184;9393952958;S
20240116;100408;6877.500000000;2;9393952963;S
20240116;100408;6877.500000000;2;9393952967;S
20240116;100408;6877.500000000;2;9393952968;S
20240116;100408;6877.500000000;2;9393952969;S
20240116;100408;6877.500000000;4;9393952976;S
20240116;100408;6877.500000000;10;9393952977;S
20240116;100408;6877.500000000;10;9393952978;S
20240116;100408;6877.500000000;10;9393952995;S
20240116;100408;6877.500000000;1;9393952996;S
20240116;100408;6877.500000000;73;9393952997;S
20240116;100408;6877.500000000;5;9393952998;S
20240116;100408;6877.000000000;1;9393952999;S
20240116;100408;6876.500000000;1;9393953000;S
20240116;100408;6876.500000000;3;9393953001;S
20240116;100408;6876.500000000;1;9393953002;S
20240116;100408;6876.000000000;1;9393953003;S
20240116;100408;6876.000000000;1;9393953004;S
20240116;100408;6876.000000000;1;9393953005;S
20240116;100408;6876.000000000;1;9393953006;S
20240116;100408;6876.000000000;1;9393953007;S
20240116;100408;6876.000000000;1;9393953008;S
20240116;100408;6876.000000000;24;9393953009;S
20240116;100408;6875.500000000;1;9393953010;S
20240116;100408;6875.500000000;1;9393953011;S
20240116;100408;6875.500000000;46;9393953012;S
20240116;100408;6875.500000000;4;9393953026;S
20240116;100408;6875.500000000;1;9393953027;S
20240116;100408;6875.500000000;5;9393953028;S
20240116;100408;6875.500000000;3;9393953029;S
20240116;100408;6875.000000000;1;9393953030;S
20240116;100408;6875.000000000;1;9393953031;S
20240116;100408;6875.000000000;1;9393953032;S
20240116;100408;6875.000000000;4;9393953033;S
20240116;100408;6875.000000000;5;9393953034;S
20240116;100408;6875.000000000;1;9393953035;S
20240116;100408;6875.000000000;1;9393953036;S
20240116;100408;6875.000000000;2;9393953037;S
20240116;100408;6875.000000000;15;9393953038;S
20240116;100408;6875.000000000;5;9393953039;S
20240116;100408;6875.000000000;1;9393953040;S
20240116;100408;6875.000000000;6;9393953041;S
20240116;100408;6875.000000000;1;9393953042;S
20240116;100408;6875.000000000;22;9393953043;S
20240116;100408;6875.000000000;5;9393953045;S
20240116;100408;6875.000000000;1;9393953046;S
20240116;100408;6875.000000000;1;9393953047;S
20240116;100408;6875.000000000;1;9393953050;S
20240116;100408;6875.000000000;4;9393953052;S
20240116;100408;6875.500000000;1;9393953057;B
20240116;100408;6875.000000000;11;9393953064;S
20240116;100408;6875.000000000;4;9393953074;S
20240116;100408;6875.000000000;9;9393953092;S
20240116;100408;6875.000000000;1;9393953093;S
20240116;100408;6875.000000000;1;9393953094;S
20240116;100408;6875.000000000;10;9393953095;S
20240116;100408;6875.000000000;3;9393953096;S
20240116;100408;6875.000000000;3;9393953097;S
20240116;100408;6875.000000000;8;9393953098;S
20240116;100408;6875.500000000;1;9393953101;B
20240116;100408;6875.000000000;1;9393953102;S
20240116;100408;6875.000000000;3;9393953103;S
20240116;100408;6875.500000000;1;9393953104;B
20240116;100408;6875.500000000;1;9393953107;B
20240116;100408;6875.000000000;5;9393953113;S
20240116;100408;6875.000000000;3;9393953125;S
20240116;100408;6875.000000000;5;9393953126;S
20240116;100408;6874.500000000;3;9393953127;S
20240116;100408;6874.500000000;71;9393953128;S
20240116;100408;6874.000000000;2;9393953129;S
20240116;100408;6874.000000000;10;9393953130;S
20240116;100408;6874.000000000;73;9393953131;S
20240116;100408;6874.000000000;1;9393953132;S
20240116;100408;6874.000000000;2;9393953133;S
20240116;100408;6874.000000000;10;9393953134;S
20240116;100408;6874.000000000;5;9393953135;S
20240116;100408;6874.000000000;1;9393953136;S
20240116;100408;6874.000000000;1;9393953137;S
20240116;100408;6874.000000000;1;9393953138;S
20240116;100408;6874.000000000;300;9393953139;S
20240116;100408;6874.000000000;3;9393953140;S
20240116;100408;6874.000000000;15;9393953141;S
20240116;100408;6873.500000000;1;9393953142;S
20240116;100408;6873.500000000;2;9393953143;S
20240116;100408;6873.500000000;5;9393953144;S
20240116;100408;6873.500000000;5;9393953145;S
20240116;100408;6873.000000000;2;9393953146;S
20240116;100408;6873.000000000;10;9393953147;S
20240116;100408;6873.000000000;1;9393953148;S
20240116;100408;6872.500000000;7;9393953149;S
20240116;100408;6872.500000000;2;9393953150;S
20240116;100408;6872.000000000;1;9393953151;S
20240116;100408;6872.000000000;10;9393953152;S
20240116;100408;6872.000000000;1;9393953153;S
20240116;100408;6872.000000000;2;9393953154;S
20240116;100408;6872.000000000;3;9393953155;S
20240116;100408;6871.500000000;1;9393953156;S
20240116;100408;6871.500000000;2;9393953157;S
20240116;100408;6871.500000000;1;9393953158;S
20240116;100408;6871.500000000;2;9393953159;S
20240116;100408;6871.500000000;5;9393953160;S
20240116;100408;6871.500000000;8;9393953161;S
20240116;100408;6871.500000000;50;9393953162;S
20240116;100408;6871.000000000;5;9393953163;S
20240116;100408;6871.000000000;1;9393953164;S
20240116;100408;6871.000000000;1;9393953165;S
20240116;100408;6871.000000000;3;9393953166;S
20240116;100408;6871.000000000;2;9393953167;S
20240116;100408;6871.000000000;1;9393953168;S
20240116;100408;6871.000000000;500;9393953169;S
20240116;100408;6871.000000000;1;9393953170;S
20240116;100408;6871.000000000;11;9393953171;S
20240116;100408;6870.500000000;1;9393953172;S
20240116;100408;6870.500000000;5;9393953173;S
20240116;100408;6870.500000000;1;9393953174;S
20240116;100408;6870.500000000;1;9393953175;S
20240116;100408;6870.500000000;1;9393953176;S
20240116;100408;6870.500000000;1;9393953177;S
20240116;100408;6870.500000000;3;9393953178;S
20240116;100408;6870.500000000;1;9393953179;S
20240116;100408;6870.500000000;1;9393953180;S
20240116;100408;6870.500000000;5;9393953181;S
20240116;100408;6870.500000000;2;9393953182;S
20240116;100408;6870.500000000;11;9393953183;S
20240116;100408;6870.000000000;7;9393953184;S
20240116;100408;6870.000000000;3;9393953185;S
20240116;100408;6870.000000000;10;9393953186;S
20240116;100408;6870.000000000;2;9393953187;S
20240116;100408;6870.000000000;10;9393953188;S
20240116;100408;6870.000000000;1;9393953189;S
20240116;100408;6870.000000000;1;9393953190;S
20240116;100408;6870.000000000;50;9393953191;S
20240116;100408;6870.000000000;1;9393953192;S
20240116;100408;6870.000000000;2;9393953193;S
20240116;100408;6870.000000000;15;9393953194;S
20240116;100408;6870.000000000;5;9393953195;S
20240116;100408;6870.000000000;1;9393953196;S
20240116;100408;6870.000000000;1;9393953197;S
20240116;100408;6870.000000000;1;9393953198;S
20240116;100408;6870.000000000;1;9393953199;S
20240116;100408;6870.000000000;1;9393953200;S
20240116;100408;6870.000000000;3;9393953201;S
20240116;100408;6870.000000000;8;9393953202;S
20240116;100408;6870.000000000;500;9393953203;S
20240116;100408;6870.000000000;3;9393953204;S
20240116;100408;6870.000000000;1;9393953205;S
20240116;100408;6870.000000000;5;9393953206;S
20240116;100408;6870.000000000;1;9393953207;S
20240116;100408;6870.000000000;1;9393953208;S
20240116;100408;6870.000000000;200;9393953209;S
20240116;100408;6870.000000000;55;9393953210;S
20240116;100408;6870.000000000;2;9393953211;S
20240116;100408;6870.000000000;1;9393953212;S
20240116;100408;6870.000000000;2;9393953213;S
20240116;100408;6870.000000000;1;9393953214;S
20240116;100408;6870.000000000;5;9393953215;S
20240116;100408;6870.000000000;10;9393953216;S
20240116;100408;6870.000000000;1;9393953217;S
20240116;100408;6870.000000000;15;9393953218;S
20240116;100408;6870.000000000;1;9393953219;S
20240116;100408;6870.000000000;1;9393953220;S
20240116;100408;6870.000000000;10;9393953221;S
20240116;100408;6870.000000000;150;9393953222;S
20240116;100408;6870.000000000;11;9393953223;S
20240116;100408;6869.500000000;3;9393953224;S
20240116;100408;6869.500000000;4;9393953225;S
20240116;100408;6869.500000000;5;9393953226;S
20240116;100408;6869.000000000;10;9393953227;S
20240116;100408;6869.000000000;3;9393953228;S
20240116;100408;6869.000000000;500;9393953229;S
20240116;100408;6869.000000000;1;9393953230;S
20240116;100408;6869.000000000;5;9393953231;S
20240116;100408;6869.000000000;300;9393953232;S
20240116;100408;6868.500000000;5;9393953233;S
20240116;100408;6868.500000000;3;9393953234;S
20240116;100408;6868.500000000;1;9393953235;S
20240116;100408;6868.000000000;1;9393953236;S
20240116;100408;6868.000000000;1;9393953237;S
20240116;100408;6868.000000000;3;9393953238;S
20240116;100408;6868.000000000;500;9393953239;S
20240116;100408;6868.000000000;1;9393953240;S
20240116;100408;6868.000000000;300;9393953241;S
20240116;100408;6868.000000000;60;9393953242;S
20240116;100408;6867.500000000;2;9393953243;S
20240116;100408;6867.500000000;3;9393953244;S
20240116;100408;6867.500000000;5;9393953245;S
20240116;100408;6867.000000000;1;9393953246;S
20240116;100408;6867.000000000;1;9393953247;S
20240116;100408;6867.000000000;3;9393953248;S
20240116;100408;6867.000000000;343;9393953249;S
20240116;100408;6870.500000000;10;9393953250;S
20240116;100408;6867.000000000;18;9393953251;S
20240116;100408;6867.000000000;10;9393953252;S
20240116;100408;6867.000000000;10;9393953264;S
20240116;100408;6867.000000000;10;9393953266;S
20240116;100408;6867.000000000;10;9393953267;S
20240116;100408;6867.000000000;10;9393953268;S
20240116;100408;6867.000000000;1;9393953290;S
20240116;100408;6867.500000000;1;9393953291;B
20240116;100408;6867.000000000;88;9393953292;S
20240116;100408;6866.500000000;6;9393953293;S
20240116;100408;6866.500000000;6;9393953294;S
20240116;100408;6866.500000000;2;9393953295;S
20240116;100408;6866.000000000;1;9393953296;S
20240116;100408;6866.000000000;2;9393953297;S
20240116;100408;6866.000000000;1;9393953298;S
20240116;100408;6866.000000000;1;9393953299;S
20240116;100408;6866.000000000;1;9393953300;S
20240116;100408;6866.000000000;14;9393953301;S
20240116;100408;6866.000000000;486;9393953315;S
20240116;100408;6866.000000000;15;9393953316;S
20240116;100408;6865.500000000;10;9393953317;S
20240116;100408;6865.500000000;1;9393953318;S
20240116;100408;6865.500000000;2;9393953319;S
20240116;100408;6865.500000000;36;9393953320;S
20240116;100408;6865.500000000;100;9393953321;B
20240116;100408;6865.500000000;15;9393953322;S
20240116;100408;6865.000000000;3;9393953323;S
20240116;100408;6865.000000000;30;9393953324;S
20240116;100408;6865.000000000;9;9393953325;S
20240116;100408;6865.500000000;15;9393953326;S
20240116;100408;6865.000000000;45;9393953327;S
20240116;100408;6865.000000000;60;9393953328;S
20240116;100408;6865.000000000;43;9393953329;S
20240116;100408;6865.000000000;2;9393953330;S
20240116;100408;6865.000000000;341;9393953331;S
20240116;100408;6865.000000000;140;9393953332;S
20240116;100408;6865.000000000;1;9393953333;S
20240116;100408;6865.000000000;1;9393953334;S
20240116;100408;6865.000000000;15;9393953335;S
20240116;100408;6864.500000000;22;9393953336;S
20240116;100408;6864.500000000;3;9393953364;S
20240116;100408;6867.000000000;10;9393953365;B
20240116;100408;6864.500000000;2;9393953366;S
20240116;100408;6864.500000000;10;9393953367;S
20240116;100408;6864.000000000;2;9393953368;S
20240116;100408;6864.000000000;3;9393953369;S
20240116;100409;6864.000000000;2;9393953373;S
20240116;100409;6864.000000000;20;9393953381;S
20240116;100409;6864.000000000;322;9393953414;S
20240116;100409;6864.000000000;6;9393953421;S
20240116;100409;6867.000000000;1;9393953454;B
20240116;100409;6864.000000000;147;9393953455;S
20240116;100409;6864.000000000;194;9393953456;S
20240116;100409;6864.000000000;15;9393953457;S
20240116;100409;6864.000000000;10;9393953458;S
20240116;100409;6864.000000000;300;9393953459;S
20240116;100409;6863.500000000;1;9393953460;S
20240116;100409;6863.500000000;67;9393953461;S
20240116;100409;6863.000000000;500;9393953462;S
20240116;100409;6862.500000000;1;9393953463;S
20240116;100409;6862.500000000;30;9393953464;S
20240116;100409;6862.500000000;10;9393953465;S
20240116;100409;6862.500000000;2;9393953466;S
20240116;100409;6862.500000000;5;9393953467;S
20240116;100409;6862.500000000;11;9393953468;S
20240116;100409;6862.000000000;1;9393953469;S
20240116;100409;6862.000000000;100;9393953470;S
20240116;100409;6862.000000000;10;9393953471;S
20240116;100409;6862.000000000;196;9393953472;S
20240116;100409;6862.000000000;285;9393953475;S
20240116;100409;6862.000000000;1;9393953476;S
20240116;100409;6862.000000000;15;9393953485;S
20240116;100409;6862.000000000;3;9393953486;S
20240116;100409;6861.500000000;1;9393953487;S
20240116;100409;6861.500000000;1;9393953488;S
20240116;100409;6861.500000000;1;9393953489;S
20240116;100409;6861.500000000;4;9393953509;S
20240116;100409;6861.000000000;16;9393953510;S
20240116;100409;6865.000000000;7;9393953512;B
20240116;100409;6861.500000000;10;9393953513;S
20240116;100409;6861.000000000;60;9393953514;S
20240116;100409;6865.500000000;2;9393953524;B
20240116;100409;6865.500000000;1;9393953531;B
20240116;100409;6861.000000000;1;9393953532;S
20240116;100409;6865.500000000;7;9393953533;B
20240116;100409;6865.500000000;3;9393953534;B
20240116;100409;6861.500000000;3;9393953535;S
20240116;100409;6865.500000000;1;9393953537;B
20240116;100409;6865.500000000;1;9393953546;B
20240116;100409;6861.000000000;3;9393953547;S
20240116;100409;6865.500000000;12;9393953548;B
20240116;100409;6865.500000000;1;9393953549;B
20240116;100409;6861.000000000;100;9393953550;S
20240116;100409;6861.000000000;35;9393953551;S
20240116;100409;6865.500000000;18;9393953552;B
20240116;100409;6865.500000000;10;9393953553;B
20240116;100409;6866.000000000;12;9393953554;B
20240116;100409;6861.500000000;1;9393953555;S
20240116;100409;6867.000000000;1;9393953557;B
20240116;100409;6862.000000000;10;9393953558;S
20240116;100409;6861.500000000;11;9393953559;S
20240116;100409;6861.000000000;34;9393953560;S
20240116;100409;6861.000000000;30;9393953561;S
20240116;100409;6861.000000000;1;9393953562;S
20240116;100409;6864.000000000;1;9393953563;B
20240116;100409;6864.000000000;5;9393953565;B
20240116;100409;6861.000000000;1;9393953566;S
20240116;100409;6861.000000000;50;9393953567;S
20240116;100409;6861.000000000;4;9393953569;S
20240116;100409;6864.000000000;4;9393953570;B
20240116;100409;6864.500000000;6;9393953571;B
20240116;100409;6861.000000000;5;9393953572;S
20240116;100409;6861.000000000;1;9393953573;S
20240116;100409;6864.500000000;2;9393953574;B
20240116;100409;6861.000000000;15;9393953575;S
20240116;100409;6864.500000000;7;9393953579;B
20240116;100409;6864.500000000;1;9393953594;B
20240116;100409;6864.500000000;20;9393953599;B
20240116;100409;6864.500000000;10;9393953600;B
20240116;100409;6865.000000000;5;9393953601;B
20240116;100409;6865.000000000;29;9393953602;B
20240116;100409;6865.500000000;4;9393953603;B
20240116;100409;6866.000000000;1;9393953604;B
20240116;100409;6865.500000000;1;9393953614;S
20240116;100409;6865.500000000;31;9393953616;S
20240116;100409;6865.000000000;269;9393953617;S
20240116;100409;6866.000000000;5;9393953618;B
20240116;100409;6865.000000000;1;9393953621;S
20240116;100409;6865.500000000;1;9393953627;S
20240116;100409;6865.000000000;2;9393953628;S
20240116;100409;6865.000000000;3;9393953629;S
20240116;100409;6865.000000000;5;9393953630;S
20240116;100409;6866.000000000;5;9393953643;B
20240116;100410;6865.000000000;20;9393953646;S
20240116;100410;6864.000000000;30;9393953647;S
20240116;100410;6866.000000000;1;9393953710;B
20240116;100410;6866.000000000;2;9393953711;B
20240116;100410;6865.500000000;10;9393953712;S
20240116;100410;6865.000000000;5;9393953713;B
20240116;100410;6865.000000000;3;9393953714;B
20240116;100410;6864.000000000;26;9393953715;S
20240116;100410;6865.000000000;6;9393953717;B
20240116;100410;6865.000000000;3;9393953718;B
20240116;100410;6865.000000000;3;9393953719;B
20240116;100410;6865.500000000;10;9393953720;B
20240116;100410;6866.000000000;23;9393953721;B
20240116;100410;6866.500000000;4;9393953722;B
20240116;100410;6866.000000000;8;9393953723;B
20240116;100410;6866.000000000;2;9393953724;B
20240116;100410;6866.000000000;2;9393953725;B
20240116;100410;6866.000000000;8;9393953726;B
20240116;100410;6866.500000000;6;9393953727;B
20240116;100410;6867.000000000;10;9393953728;B
20240116;100410;6867.000000000;32;9393953729;B
20240116;100410;6867.000000000;1;9393953730;B
20240116;100410;6867.000000000;1;9393953732;B
20240116;100410;6867.000000000;2;9393953733;B
20240116;100410;6867.000000000;8;9393953734;B
20240116;100410;6867.000000000;2;9393953736;B
20240116;100410;6867.000000000;2;9393953738;B
20240116;100410;6867.000000000;2;9393953740;B
20240116;100410;6867.000000000;3;9393953741;B
20240116;100410;6867.000000000;2;9393953742;B
20240116;100410;6867.000000000;5;9393953743;B
20240116;100410;6867.000000000;2;9393953744;B
20240116;100410;6867.000000000;4;9393953745;B
20240116;100410;6867.000000000;1;9393953747;B
20240116;100410;6867.000000000;3;9393953748;B
20240116;100410;6867.000000000;1;9393953749;B
20240116;100410;6867.000000000;2;9393953752;B
20240116;100410;6867.000000000;5;9393953759;B
20240116;100410;6864.500000000;10;9393953760;S
20240116;100410;6864.000000000;20;9393953761;S
20240116;100410;6867.000000000;1;9393953762;B
20240116;100410;6867.000000000;2;9393953763;B
20240116;100410;6867.000000000;1;9393953764;B
20240116;100410;6867.000000000;1;9393953765;B
20240116;100410;6867.000000000;3;9393953771;B
20240116;100410;6867.000000000;2;9393953775;B
20240116;100410;6867.000000000;4;9393953776;B
20240116;100410;6864.000000000;24;9393953777;S
20240116;100410;6864.000000000;15;9393953778;S
20240116;100410;6864.000000000;10;9393953779;S
20240116;100410;6863.500000000;42;9393953780;S
20240116;100410;6863.500000000;58;9393953781;S
20240116;100410;6863.500000000;1;9393953782;S
20240116;100410;6865.000000000;5;9393953783;S
20240116;100410;6864.500000000;3;9393953787;S
20240116;100410;6865.000000000;5;9393953806;B
20240116;100410;6864.500000000;1;9393953815;S
20240116;100410;6865.000000000;1;9393953817;B
20240116;100410;6865.000000000;4;9393953819;B
20240116;100410;6865.500000000;1;9393953820;B
20240116;100410;6865.000000000;1;9393953826;B
20240116;100410;6864.500000000;6;9393953841;S
20240116;100410;6864.500000000;4;9393953842;S
20240116;100410;6865.000000000;4;9393953843;B
20240116;100410;6865.000000000;5;9393953844;B
20240116;100410;6864.500000000;2;9393953852;S
20240116;100410;6865.500000000;5;9393953853;B
20240116;100410;6865.500000000;5;9393953886;B
20240116;100410;6865.500000000;5;9393953896;B
20240116;100410;6865.500000000;2;9393953898;B
20240116;100410;6865.500000000;5;9393953906;B
20240116;100411;6865.500000000;5;9393953920;B
20240116;100411;6865.500000000;5;9393953971;B
20240116;100411;6865.000000000;10;9393953977;S
20240116;100411;6865.500000000;5;9393953982;B
20240116;100411;6865.500000000;1;9393953984;B
20240116;100411;6865.500000000;5;9393953991;B
20240116;100411;6865.000000000;4;9393954008;S
20240116;100411;6865.000000000;40;9393954009;S
20240116;100411;6865.000000000;16;9393954010;S
20240116;100411;6865.500000000;25;9393954020;B
20240116;100411;6865.500000000;5;9393954021;B
20240116;100411;6865.500000000;5;9393954059;B
20240116;100411;6865.500000000;1;9393954062;B
20240116;100411;6865.500000000;100;9393954107;B
20240116;100411;6865.500000000;5;9393954109;B
20240116;100412;6865.500000000;5;9393954124;B
20240116;100412;6865.500000000;5;9393954136;B
20240116;100412;6865.500000000;1;9393954138;B
20240116;100412;6865.500000000;3;9393954176;B
20240116;100412;6865.500000000;2;9393954190;B
20240116;100412;6865.000000000;4;9393954204;S
20240116;100413;6865.500000000;2;9393954473;B
20240116;100415;6865.000000000;1;9393954885;S
20240116;100415;6865.500000000;2;9393955024;B
20240116;100417;6865.500000000;50;9393955250;B
20240116;100417;6865.000000000;1;9393955337;S
20240116;100417;6865.000000000;5;9393955338;S
20240116;100417;6865.000000000;2;9393955339;S
20240116;100417;6865.000000000;10;9393955340;S
20240116;100417;6865.000000000;10;9393955341;S
20240116;100417;6865.000000000;1;9393955342;S
20240116;100417;6864.500000000;1;9393955343;S
20240116;100417;6864.500000000;10;9393955344;S
20240116;100417;6863.500000000;10;9393955345;S
20240116;100417;6865.000000000;2;9393955391;B
20240116;100418;6863.500000000;1;9393955514;S
20240116;100418;6863.500000000;1;9393955674;B
20240116;100419;6863.500000000;1;9393955700;B
20240116;100420;6863.000000000;1;9393955940;S
20240116;100420;6863.000000000;1;9393955941;S
20240116;100420;6863.000000000;1;9393955942;S
20240116;100420;6863.000000000;1;9393955943;S
20240116;100420;6862.500000000;5;9393955944;S
20240116;100420;6862.000000000;3;9393955945;S
20240116;100420;6863.000000000;10;9393955984;B
20240116;100420;6863.500000000;11;9393955985;B
20240116;100420;6863.000000000;1;9393956014;B
20240116;100420;6863.000000000;9;9393956056;B
20240116;100420;6863.500000000;16;9393956057;B
20240116;100420;6863.500000000;11;9393956058;B
20240116;100420;6863.500000000;50;9393956059;B
20240116;100420;6864.000000000;11;9393956060;B
20240116;100421;6864.000000000;4;9393956110;S
20240116;100421;6864.000000000;2;9393956138;S
20240116;100421;6864.000000000;10;9393956217;S
20240116;100421;6864.000000000;10;9393956218;S
20240116;100421;6864.000000000;20;9393956219;S
20240116;100422;6864.000000000;10;9393956282;S
20240116;100422;6864.000000000;10;9393956291;S
20240116;100423;6864.500000000;6;9393956556;B
20240116;100423;6864.500000000;1;9393956563;B
20240116;100423;6864.000000000;1;9393956669;S
20240116;100424;6864.500000000;1;9393956679;B
20240116;100424;6864.000000000;2;9393956812;S
20240116;100426;6864.500000000;2;9393957148;B
20240116;100426;6864.500000000;3;9393957149;B
20240116;100427;6864.500000000;15;9393957331;B
20240116;100428;6864.000000000;1;9393957484;S
20240116;100428;6864.500000000;1;9393957491;B
20240116;100429;6864.500000000;20;9393957544;B
20240116;100431;6864.000000000;1;9393957938;S
20240116;100432;6864.000000000;32;9393958042;S
20240116;100432;6864.000000000;1;9393958043;S
20240116;100432;6864.000000000;1;9393958044;S
20240116;100432;6864.000000000;5;9393958045;S
20240116;100432;6864.000000000;11;9393958046;S
20240116;100432;6864.000000000;5;9393958049;S
20240116;100432;6864.500000000;1;9393958163;B
20240116;100432;6864.000000000;5;9393958180;S
20240116;100433;6864.500000000;1;9393958202;B
20240116;100433;6864.000000000;5;9393958203;S
20240116;100433;6864.500000000;9;9393958222;B
20240116;100433;6864.500000000;1;9393958223;B
20240116;100433;6864.000000000;1;9393958294;S
20240116;100433;6864.000000000;1;9393958308;S
20240116;100433;6864.000000000;72;9393958320;S
20240116;100433;6864.000000000;1;9393958321;S
20240116;100433;6864.000000000;1;9393958322;S
20240116;100433;6864.000000000;25;9393958323;S
20240116;100433;6864.000000000;14;9393958324;S
20240116;100433;6864.000000000;1;9393958325;S
20240116;100433;6863.500000000;10;9393958326;S
20240116;100433;6863.000000000;3;9393958327;S
20240116;100433;6863.000000000;1;9393958328;S
20240116;100433;6862.500000000;10;9393958329;S
20240116;100433;6862.500000000;10;9393958330;S
20240116;100433;6862.500000000;41;9393958331;S
20240116;100433;6862.000000000;2;9393958332;S
20240116;100433;6862.000000000;20;9393958333;S
20240116;100433;6862.000000000;1;9393958334;S
20240116;100433;6862.000000000;20;9393958335;S
20240116;100433;6862.000000000;15;9393958336;S
20240116;100433;6862.000000000;5;9393958337;S
20240116;100433;6861.500000000;1;9393958338;S
20240116;100433;6861.500000000;5;9393958339;S
20240116;100433;6861.500000000;1;9393958340;S
20240116;100433;6861.000000000;51;9393958341;S
20240116;100434;6864.000000000;2;9393958441;B
20240116;100434;6862.500000000;1;9393958472;B
20240116;100434;6862.000000000;4;9393958547;S
20240116;100434;6862.500000000;2;9393958566;B
20240116;100434;6863.500000000;10;9393958567;B
20240116;100434;6864.500000000;19;9393958568;B
20240116;100434;6862.000000000;5;9393958569;S
20240116;100434;6862.000000000;5;9393958598;B
20240116;100435;6862.000000000;5;9393958626;S
20240116;100435;6861.500000000;1;9393958627;S
20240116;100435;6861.500000000;2;9393958628;S
20240116;100435;6863.000000000;5;9393958760;B
20240116;100436;6862.000000000;5;9393958902;S
20240116;100436;6861.500000000;2;9393958903;S
20240116;100436;6861.500000000;4;9393958904;S
20240116;100436;6861.500000000;1;9393958905;S
20240116;100436;6861.500000000;5;9393958906;S
20240116;100437;6862.000000000;2;9393959035;S
20240116;100437;6862.000000000;5;9393959036;S
20240116;100437;6861.500000000;5;9393959037;S
20240116;100437;6861.500000000;32;9393959038;S
20240116;100438;6862.500000000;5;9393959077;S
20240116;100438;6862.000000000;5;9393959078;S
20240116;100438;6862.000000000;10;9393959089;B
20240116;100438;6862.000000000;5;9393959096;B
20240116;100438;6862.000000000;5;9393959137;B
20240116;100438;6863.000000000;1;9393959139;B
20240116;100438;6861.500000000;3;9393959156;S
20240116;100438;6863.000000000;3;9393959187;B
20240116;100438;6863.000000000;7;9393959188;B
20240116;100438;6862.000000000;5;9393959214;S
20240116;100438;6861.500000000;1;9393959215;S
20240116;100438;6861.500000000;10;9393959216;S
20240116;100438;6861.500000000;1;9393959217;S
20240116;100438;6861.000000000;14;9393959218;S
20240116;100438;6861.500000000;10;9393959219;S
20240116;100439;6862.000000000;2;9393959280;S
20240116;100439;6863.000000000;3;9393959403;B
20240116;100439;6862.000000000;3;9393959454;S
20240116;100440;6862.000000000;40;9393959565;S
20240116;100440;6863.500000000;17;9393959610;B
20240116;100440;6863.500000000;3;9393959611;B
20240116;100440;6863.500000000;33;9393959655;B
20240116;100440;6863.500000000;10;9393959656;B
20240116;100440;6864.000000000;2;9393959657;B
20240116;100440;6864.500000000;5;9393959658;B
20240116;100443;6862.500000000;4;9393960081;S
20240116;100443;6862.500000000;10;9393960082;S
20240116;100443;6862.000000000;9;9393960083;S
20240116;100443;6863.500000000;1;9393960097;B
20240116;100443;6862.000000000;4;9393960098;S
20240116;100444;6863.000000000;10;9393960160;S
20240116;100444;6862.000000000;86;9393960161;S
20240116;100444;6863.500000000;1;9393960166;B
20240116;100445;6863.000000000;9;9393960283;B
20240116;100445;6863.500000000;27;9393960284;B
20240116;100445;6863.500000000;10;9393960285;B
20240116;100445;6864.000000000;4;9393960286;B
20240116;100445;6864.500000000;35;9393960287;B
20240116;100445;6864.500000000;14;9393960288;B
20240116;100445;6864.500000000;11;9393960289;B
20240116;100445;6862.000000000;6;9393960308;S
20240116;100446;6864.500000000;10;9393960583;B
20240116;100446;6862.500000000;10;9393960585;S
20240116;100446;6862.000000000;1;9393960586;S
20240116;100446;6862.000000000;19;9393960588;B
20240116;100447;6865.000000000;10;9393960816;B
20240116;100447;6865.000000000;1;9393960823;B
20240116;100447;6865.000000000;2;9393960824;B
20240116;100447;6864.000000000;2;9393960843;S
20240116;100448;6865.000000000;8;9393960925;B
20240116;100448;6865.000000000;12;9393960926;B
20240116;100448;6865.000000000;1;9393960936;B
20240116;100448;6864.500000000;1;9393960958;S
20240116;100448;6865.000000000;1;9393961008;B
20240116;100449;6865.000000000;1;9393961130;B
20240116;100450;6865.000000000;1;9393961174;B
20240116;100450;6864.000000000;27;9393961238;S
20240116;100450;6865.500000000;1;9393961239;B
20240116;100450;6864.000000000;15;9393961268;S
20240116;100452;6865.500000000;7;9393961477;B
20240116;100452;6865.500000000;1;9393961498;B
20240116;100454;6864.000000000;20;9393961777;S
20240116;100454;6864.500000000;10;9393961929;B
20240116;100454;6864.000000000;1;9393961960;S
20240116;100455;6864.000000000;10;9393962504;S
20240116;100455;6864.000000000;10;9393962505;S
20240116;100456;6864.000000000;1;9393962956;S
20240116;100456;6864.500000000;2;9393963014;B
20240116;100456;6864.000000000;14;9393963056;S
20240116;100456;6864.000000000;10;9393963057;S
20240116;100456;6864.000000000;2;9393963058;S
20240116;100456;6864.000000000;72;9393963059;S
20240116;100457;6864.500000000;10;9393963140;B
20240116;100458;6864.000000000;30;9393963332;S
20240116;100458;6864.000000000;10;9393963398;S
20240116;100458;6864.000000000;15;9393963419;S
20240116;100500;6864.000000000;1;9393963631;S
20240116;100500;6864.000000000;5;9393963646;S
20240116;100501;6864.000000000;17;9393963719;S
20240116;100501;6864.000000000;1;9393963720;S
20240116;100501;6864.000000000;50;9393963721;S
20240116;100501;6863.500000000;10;9393963722;S
20240116;100501;6863.000000000;20;9393963723;S
20240116;100501;6862.000000000;2;9393963724;S
20240116;100501;6864.000000000;1;9393963782;B
20240116;100501;6864.000000000;5;9393963789;B
20240116;100501;6862.500000000;5;9393963802;S
20240116;100502;6862.500000000;5;9393963884;S
20240116;100502;6862.000000000;8;9393963885;S
20240116;100502;6861.500000000;10;9393963886;S
20240116;100502;6861.500000000;1;9393963887;S
20240116;100502;6861.500000000;10;9393963888;S
20240116;100502;6861.500000000;1;9393963889;S
20240116;100502;6861.500000000;15;9393963890;S
20240116;100502;6862.000000000;10;9393963953;S
20240116;100502;6861.500000000;36;9393963954;S
20240116;100503;6862.000000000;1;9393963988;S
20240116;100503;6862.000000000;5;9393964081;S
20240116;100504;6863.000000000;1;9393964104;B
20240116;100504;6862.000000000;4;9393964105;S
20240116;100504;6861.500000000;1;9393964106;S
20240116;100504;6863.000000000;1;9393964134;B
20240116;100505;6863.000000000;2;9393964355;B
20240116;100507;6862.000000000;10;9393964966;S
20240116;100508;6862.000000000;2;9393965053;S
20240116;100508;6861.500000000;28;9393965054;S
20240116;100508;6861.500000000;34;9393965055;S
20240116;100508;6861.000000000;36;9393965056;S
20240116;100508;6862.500000000;2;9393965128;B
20240116;100509;6862.000000000;1;9393965245;S
20240116;100511;6862.000000000;5;9393965571;B
20240116;100511;6861.500000000;5;9393965612;S
20240116;100511;6861.500000000;5;9393965652;S
20240116;100511;6861.000000000;10;9393965653;S
20240116;100511;6862.000000000;1;9393965673;B
20240116;100511;6861.500000000;29;9393965780;S
20240116;100511;6861.000000000;33;9393965781;S
20240116;100511;6861.000000000;1;9393965782;S
20240116;100511;6861.000000000;1;9393965783;S
20240116;100511;6861.000000000;1;9393965784;S
20240116;100511;6861.000000000;1;9393965785;S
20240116;100511;6861.000000000;1;9393965786;S
20240116;100511;6861.000000000;3;9393965787;S
20240116;100511;6861.000000000;5;9393965788;S
20240116;100511;6861.000000000;5;9393965789;S
20240116;100511;6861.000000000;1;9393965790;S
20240116;100511;6861.000000000;32;9393965791;S
20240116;100511;6861.000000000;10;9393965792;S
20240116;100511;6861.000000000;15;9393965793;S
20240116;100511;6860.500000000;2;9393965794;S
20240116;100511;6860.500000000;1;9393965795;S
20240116;100511;6860.500000000;1;9393965796;S
20240116;100511;6860.500000000;58;9393965797;S
20240116;100512;6861.000000000;2;9393965967;S
20240116;100513;6861.000000000;21;9393966195;S
20240116;100513;6860.500000000;54;9393966196;S
20240116;100513;6861.500000000;5;9393966317;B
20240116;100513;6861.500000000;1;9393966347;B
20240116;100513;6861.000000000;4;9393966355;S
20240116;100514;6861.000000000;10;9393966433;S
20240116;100514;6861.000000000;31;9393966434;S
20240116;100514;6860.500000000;69;9393966435;S
20240116;100515;6861.000000000;10;9393966710;S
20240116;100515;6860.500000000;40;9393966711;S
20240116;100515;6861.500000000;1;9393966775;B
20240116;100515;6861.500000000;5;9393966776;B
20240116;100516;6861.000000000;10;9393966864;S
20240116;100517;6861.000000000;10;9393966979;S
20240116;100517;6860.500000000;4;9393966980;S
20240116;100519;6861.000000000;1;9393967218;B
20240116;100520;6861.000000000;3;9393967360;B
20240116;100520;6861.500000000;3;9393967361;B
20240116;100520;6861.000000000;1;9393967557;S
20240116;100520;6861.000000000;4;9393967558;S
20240116;100521;6861.000000000;10;9393967762;S
20240116;100521;6861.000000000;10;9393967764;S
20240116;100521;6861.000000000;10;9393967765;S
20240116;100521;6860.500000000;6;9393967784;S
20240116;100521;6860.500000000;4;9393967785;S
20240116;100521;6860.500000000;1;9393967786;S
20240116;100521;6860.500000000;1;9393967787;S
20240116;100521;6860.500000000;8;9393967788;S
20240116;100521;6860.500000000;2;9393967789;S
20240116;100521;6860.500000000;8;9393967790;S
20240116;100521;6860.500000000;10;9393967792;S
20240116;100522;6860.500000000;2;9393967818;S
20240116;100522;6860.500000000;18;9393967819;S
20240116;100522;6860.500000000;2;9393967863;B
20240116;100522;6860.000000000;15;9393967881;S
20240116;100522;6860.000000000;1;9393967882;S
20240116;100522;6860.000000000;3;9393967883;S
20240116;100522;6860.000000000;50;9393967884;S
20240116;100522;6860.000000000;15;9393967885;S
20240116;100522;6860.000000000;1;9393967886;S
20240116;100522;6860.000000000;500;9393967887;S
20240116;100522;6860.000000000;1;9393967888;S
20240116;100522;6860.000000000;1;9393967889;S
20240116;100522;6860.000000000;2;9393967890;S
20240116;100522;6860.000000000;1;9393967891;S
20240116;100522;6860.000000000;29;9393967892;S
20240116;100522;6860.000000000;1;9393967893;S
20240116;100522;6860.000000000;82;9393967894;S
20240116;100522;6860.000000000;1;9393967895;S
20240116;100522;6860.000000000;10;9393967896;S
20240116;100522;6860.000000000;1;9393967897;S
20240116;100522;6860.000000000;2;9393967898;S
20240116;100522;6860.000000000;1;9393967899;S
20240116;100522;6860.000000000;2;9393967900;S
20240116;100522;6860.000000000;50;9393967901;S
20240116;100522;6860.000000000;1;9393967902;S
20240116;100522;6860.000000000;1;9393967903;S
20240116;100522;6860.000000000;4;9393967904;S
20240116;100522;6860.000000000;10;9393967905;S
20240116;100522;6860.000000000;1;9393967906;S
20240116;100522;6860.000000000;1;9393967907;S
20240116;100522;6860.000000000;1;9393967908;S
20240116;100522;6860.000000000;1;9393967909;S
20240116;100522;6860.000000000;40;9393967910;S
20240116;100522;6860.000000000;10;9393967911;S
20240116;100522;6860.000000000;2;9393967912;S
20240116;100522;6860.000000000;25;9393967913;S
20240116;100522;6860.000000000;10;9393967914;S
20240116;100522;6860.000000000;1;9393967915;S
20240116;100522;6860.000000000;1;9393967916;S
20240116;100522;6860.000000000;1;9393967917;S
20240116;100522;6859.500000000;10;9393967918;S
20240116;100522;6859.500000000;1;9393967919;S
20240116;100522;6859.500000000;1;9393967920;S
20240116;100522;6859.500000000;30;9393967921;S
20240116;100522;6859.500000000;26;9393967922;S
20240116;100522;6859.000000000;453;9393967923;S
20240116;100522;6859.000000000;18;9393967924;S
20240116;100522;6859.000000000;29;9393967925;S
20240116;100522;6859.000000000;5;9393967926;S
20240116;100522;6858.500000000;11;9393967927;S
20240116;100522;6858.000000000;15;9393967928;S
20240116;100522;6858.000000000;5;9393967929;S
20240116;100522;6858.000000000;52;9393967930;S
20240116;100522;6858.000000000;63;9393967934;S
20240116;100522;6858.500000000;5;9393967956;B
20240116;100522;6858.500000000;1;9393967961;B
20240116;100522;6858.500000000;4;9393967975;B
20240116;100522;6858.500000000;6;9393967976;B
20240116;100522;6858.500000000;2;9393967999;B
20240116;100522;6858.500000000;5;9393968000;B
20240116;100522;6858.000000000;4;9393968004;S
20240116;100522;6858.500000000;1;9393968005;B
20240116;100522;6858.000000000;1;9393968013;S
20240116;100522;6858.500000000;1;9393968014;B
20240116;100522;6858.000000000;25;9393968015;S
20240116;100522;6858.000000000;1;9393968016;S
20240116;100522;6858.000000000;2;9393968017;S
20240116;100523;6858.500000000;1;9393968019;B
20240116;100523;6858.000000000;4;9393968020;S
20240116;100523;6858.500000000;1;9393968022;B
20240116;100523;6858.000000000;3;9393968023;S
20240116;100523;6858.000000000;20;9393968024;S
20240116;100523;6858.500000000;1;9393968025;B
20240116;100523;6858.500000000;1;9393968026;B
20240116;100523;6858.000000000;4;9393968027;S
20240116;100523;6858.500000000;2;9393968031;B
20240116;100523;6858.500000000;3;9393968032;B
20240116;100523;6858.000000000;3;9393968034;S
20240116;100523;6858.500000000;5;9393968039;B
20240116;100523;6858.500000000;2;9393968054;B
20240116;100523;6859.000000000;3;9393968055;B
20240116;100523;6858.500000000;5;9393968064;B
20240116;100523;6858.500000000;5;9393968073;B
20240116;100523;6858.500000000;1;9393968084;B
20240116;100523;6858.500000000;4;9393968085;B
20240116;100523;6858.000000000;50;9393968092;S
20240116;100523;6858.000000000;23;9393968099;S
20240116;100523;6858.500000000;5;9393968100;B
20240116;100523;6858.500000000;1;9393968101;B
20240116;100523;6858.000000000;13;9393968117;S
20240116;100523;6858.500000000;5;9393968118;B
20240116;100523;6859.000000000;5;9393968130;B
20240116;100523;6859.000000000;5;9393968135;B
20240116;100523;6859.000000000;3;9393968141;B
20240116;100523;6859.000000000;1;9393968144;B
20240116;100523;6859.000000000;5;9393968145;B
20240116;100523;6859.000000000;5;9393968159;B
20240116;100524;6859.000000000;3;9393968169;B
20240116;100524;6859.000000000;2;9393968170;B
20240116;100524;6859.000000000;5;9393968190;B
20240116;100524;6859.000000000;3;9393968216;B
20240116;100524;6859.000000000;2;9393968217;B
20240116;100524;6859.000000000;5;9393968281;B
20240116;100524;6858.000000000;19;9393968302;S
20240116;100524;6859.000000000;1;9393968329;B
20240116;100524;6859.000000000;1;9393968346;B
20240116;100525;6859.000000000;10;9393968390;B
20240116;100525;6859.000000000;1;9393968450;B
20240116;100526;6859.000000000;24;9393968500;B
20240116;100526;6859.000000000;10;9393968501;B
20240116;100526;6859.000000000;26;9393968502;B
20240116;100526;6859.500000000;100;9393968503;B
20240116;100526;6859.500000000;25;9393968504;B
20240116;100526;6859.500000000;36;9393968505;B
20240116;100526;6860.000000000;1;9393968506;B
20240116;100526;6860.000000000;2;9393968507;B
20240116;100526;6861.000000000;4;9393968508;B
20240116;100526;6861.000000000;25;9393968509;B
20240116;100526;6861.500000000;41;9393968510;B
20240116;100526;6861.500000000;15;9393968511;B
20240116;100526;6862.000000000;7;9393968512;B
20240116;100526;6862.500000000;88;9393968513;B
20240116;100526;6862.500000000;60;9393968514;B
20240116;100526;6863.000000000;2;9393968515;B
20240116;100526;6863.000000000;23;9393968516;B
20240116;100526;6863.500000000;4;9393968517;B
20240116;100526;6864.000000000;30;9393968518;B
20240116;100526;6864.000000000;4;9393968519;B
20240116;100526;6864.000000000;11;9393968520;B
20240116;100526;6864.000000000;88;9393968521;B
20240116;100526;6864.000000000;100;9393968522;B
20240116;100526;6864.500000000;4;9393968523;B
20240116;100526;6864.500000000;3;9393968524;B
20240116;100526;6864.500000000;15;9393968525;B
20240116;100526;6864.500000000;11;9393968526;B
20240116;100526;6865.000000000;5;9393968527;B
20240116;100526;6865.000000000;11;9393968528;B
20240116;100526;6865.000000000;30;9393968529;B
20240116;100526;6865.000000000;4;9393968530;B
20240116;100526;6865.500000000;24;9393968531;B
20240116;100526;6865.500000000;1;9393968532;B
20240116;100526;6866.000000000;40;9393968533;B
20240116;100526;6866.000000000;65;9393968534;B
20240116;100526;6866.500000000;10;9393968535;B
20240116;100526;6866.500000000;300;9393968536;B
20240116;100526;6866.500000000;160;9393968537;B
20240116;100526;6866.500000000;60;9393968538;B
20240116;100526;6867.000000000;1;9393968539;B
20240116;100526;6867.000000000;7;9393968540;B
20240116;100527;6865.000000000;10;9393968695;S
20240116;100527;6864.500000000;25;9393968696;S
20240116;100527;6864.500000000;10;9393968697;S
20240116;100527;6865.000000000;3;9393968717;S
20240116;100527;6867.000000000;5;9393968719;B
20240116;100527;6865.000000000;1;9393968739;S
20240116;100529;6867.000000000;1;9393968983;B
20240116;100529;6866.000000000;2;9393969017;S
20240116;100529;6865.500000000;10;9393969018;S
20240116;100529;6865.500000000;24;9393969019;S
20240116;100529;6865.000000000;59;9393969020;S
20240116;100529;6865.000000000;60;9393969021;S
20240116;100529;6864.000000000;15;9393969022;S
20240116;100529;6863.000000000;11;9393969023;S
20240116;100529;6862.500000000;11;9393969024;S
20240116;100529;6862.500000000;58;9393969025;S
20240116;100529;6865.000000000;10;9393969101;S
20240116;100529;6865.000000000;3;9393969102;S
20240116;100529;6864.500000000;1;9393969116;S
20240116;100531;6864.500000000;1;9393969431;S
20240116;100531;6865.500000000;3;9393969494;B
20240116;100532;6865.500000000;2;9393969690;B
20240116;100532;6865.500000000;1;9393969697;B
20240116;100532;6865.000000000;5;9393969713;S
20240116;100532;6864.500000000;1;9393969714;S
20240116;100533;6866.000000000;1;9393969809;B
20240116;100534;6865.000000000;10;9393969986;S
20240116;100534;6864.500000000;25;9393969987;S
20240116;100535;6864.500000000;6;9393970034;S
20240116;100535;6864.500000000;8;9393970035;S
20240116;100535;6864.500000000;2;9393970047;S
20240116;100535;6864.000000000;8;9393970048;S
20240116;100535;6864.000000000;6;9393970064;S
20240116;100537;6865.500000000;1;9393970373;B
20240116;100538;6865.000000000;1;9393970505;S
20240116;100538;6865.000000000;12;9393970622;S
20240116;100539;6865.000000000;1;9393970741;S
20240116;100539;6865.000000000;1;9393970745;S
20240116;100539;6865.500000000;5;9393970751;B
20240116;100539;6865.000000000;5;9393970799;S
20240116;100539;6864.500000000;16;9393970800;S
20240116;100539;6864.000000000;72;9393970801;B
20240116;100541;6865.000000000;1;9393970951;B
20240116;100541;6865.000000000;4;9393971006;B
20240116;100544;6865.000000000;7;9393971506;B
20240116;100545;6864.000000000;2;9393971696;S
20240116;100545;6864.000000000;8;9393971746;S
20240116;100545;6863.500000000;10;9393971747;S
20240116;100545;6863.000000000;1;9393971748;S
20240116;100545;6863.000000000;8;9393971749;S
20240116;100545;6862.500000000;73;9393971750;S
20240116;100545;6864.500000000;3;9393971769;B
20240116;100546;6864.500000000;44;9393971897;B
20240116;100546;6864.500000000;10;9393971898;B
20240116;100547;6865.000000000;5;9393971987;B
20240116;100547;6865.000000000;5;9393971988;B
20240116;100549;6865.000000000;15;9393972280;B
20240116;100550;6865.000000000;1;9393972469;B
20240116;100550;6864.500000000;1;9393972565;S
20240116;100553;6865.000000000;3;9393972937;B
20240116;100553;6864.500000000;13;9393973010;S
20240116;100553;6864.500000000;1;9393973011;S
20240116;100555;6865.000000000;25;9393973121;B
20240116;100555;6865.000000000;11;9393973122;B
20240116;100555;6865.000000000;64;9393973123;B
20240116;100555;6865.000000000;1;9393973183;B
20240116;100556;6864.500000000;6;9393973274;S
20240116;100556;6864.500000000;25;9393973311;S
20240116;100556;6864.500000000;3;9393973312;S
20240116;100556;6864.500000000;1;9393973313;S
20240116;100556;6864.500000000;1;9393973314;S
20240116;100556;6864.000000000;1;9393973347;S
20240116;100557;6864.500000000;2;9393973388;B
20240116;100557;6864.000000000;13;9393973476;S
20240116;100557;6864.500000000;1;9393973505;B
20240116;100558;6864.000000000;37;9393973559;S
20240116;100558;6863.500000000;1;9393973560;S
20240116;100558;6863.500000000;10;9393973561;S
20240116;100558;6863.000000000;2;9393973562;S
20240116;100601;6864.000000000;1;9393973937;S
20240116;100603;6864.000000000;3;9393974169;S
20240116;100603;6864.500000000;5;9393974212;B
20240116;100603;6864.500000000;5;9393974217;B
20240116;100603;6864.000000000;4;9393974221;S
20240116;100603;6864.500000000;2;9393974258;B
20240116;100606;6864.500000000;1;9393974882;B
20240116;100607;6864.500000000;9;9393974993;B
20240116;100607;6864.500000000;11;9393974994;B
20240116;100607;6864.500000000;1;9393975020;B
20240116;100609;6864.000000000;1;9393975434;S
20240116;100611;6864.500000000;1;9393975734;B
20240116;100612;6864.500000000;1;9393975871;B
20240116;100613;6864.500000000;12;9393975974;B
20240116;100613;6864.000000000;1;9393976035;S
20240116;100613;6864.000000000;5;9393976036;S
20240116;100613;6864.000000000;3;9393976037;S
20240116;100613;6864.000000000;1;9393976038;S
20240116;100613;6864.000000000;1;9393976039;S
20240116;100613;6864.000000000;1;9393976040;S
20240116;100613;6864.000000000;1;9393976041;S
20240116;100613;6864.000000000;1;9393976042;S
20240116;100613;6863.500000000;21;9393976043;S
20240116;100613;6863.500000000;5;9393976044;S
20240116;100614;6864.000000000;1;9393976069;B
20240116;100614;6864.000000000;5;9393976085;B
20240116;100619;6863.500000000;1;9393976634;B
20240116;100619;6863.000000000;5;9393976638;S
20240116;100619;6863.500000000;1;9393976696;B
20240116;100619;6863.500000000;3;9393976719;B
20240116;100621;6864.000000000;2;9393976938;S
20240116;100621;6864.500000000;5;9393976996;B
20240116;100624;6864.000000000;13;9393977351;S
20240116;100624;6864.000000000;3;9393977352;S
20240116;100624;6864.500000000;73;9393977354;B
20240116;100624;6864.000000000;4;9393977356;S
20240116;100624;6864.000000000;1;9393977357;S
20240116;100624;6864.000000000;3;9393977358;S
20240116;100624;6863.500000000;2;9393977359;S
20240116;100624;6864.500000000;5;9393977361;B
20240116;100629;6864.500000000;2;9393978049;B
20240116;100629;6864.000000000;10;9393978126;S
20240116;100629;6863.500000000;20;9393978127;S
20240116;100629;6863.500000000;2;9393978128;S
20240116;100629;6863.500000000;1;9393978129;S
20240116;100629;6863.000000000;14;9393978130;S
20240116;100629;6863.000000000;3;9393978131;S
20240116;100631;6864.500000000;5;9393978308;B
20240116;100631;6864.500000000;5;9393978361;B
20240116;100632;6863.500000000;20;9393978523;S
20240116;100632;6863.000000000;22;9393978524;S
20240116;100632;6863.000000000;75;9393978563;S
20240116;100632;6863.000000000;10;9393978564;S
20240116;100632;6863.000000000;2;9393978565;S
20240116;100632;6863.000000000;1;9393978566;S
20240116;100632;6863.000000000;10;9393978567;S
20240116;100632;6862.500000000;20;9393978568;S
20240116;100632;6862.500000000;20;9393978569;S
20240116;100632;6862.500000000;3;9393978570;S
20240116;100632;6862.500000000;1;9393978571;S
20240116;100632;6862.500000000;1;9393978572;S
20240116;100632;6862.500000000;3;9393978573;S
20240116;100632;6862.500000000;20;9393978574;S
20240116;100632;6862.500000000;1;9393978575;S
20240116;100632;6862.000000000;264;9393978576;S
20240116;100632;6862.000000000;1;9393978577;S
20240116;100632;6862.000000000;50;9393978578;S
20240116;100632;6862.000000000;100;9393978579;S
20240116;100632;6862.000000000;15;9393978580;S
20240116;100632;6861.500000000;3;9393978581;S
20240116;100632;6861.500000000;2;9393978582;S
20240116;100632;6861.500000000;1;9393978583;S
20240116;100632;6861.500000000;10;9393978584;S
20240116;100632;6861.000000000;20;9393978585;S
20240116;100632;6861.000000000;2;9393978586;S
20240116;100632;6861.000000000;40;9393978587;S
20240116;100632;6861.000000000;15;9393978588;S
20240116;100632;6861.000000000;1;9393978589;S
20240116;100632;6860.500000000;2;9393978590;S
20240116;100632;6860.500000000;1;9393978591;S
20240116;100632;6860.500000000;1;9393978592;S
20240116;100632;6860.500000000;1;9393978593;S
20240116;100632;6860.500000000;1;9393978594;S
20240116;100632;6860.500000000;20;9393978595;S
20240116;100632;6860.500000000;50;9393978596;S
20240116;100632;6860.500000000;15;9393978597;S
20240116;100632;6860.500000000;20;9393978598;S
20240116;100632;6860.500000000;1;9393978599;S
20240116;100632;6860.500000000;50;9393978600;S
20240116;100632;6860.500000000;1;9393978601;S
20240116;100632;6860.500000000;6;9393978602;S
20240116;100632;6860.500000000;44;9393978603;S
20240116;100632;6860.500000000;36;9393978604;S
20240116;100632;6860.000000000;50;9393978605;S
20240116;100632;6860.000000000;10;9393978606;S
20240116;100633;6863.000000000;1;9393978775;B
20240116;100633;6861.500000000;10;9393978783;S
20240116;100634;6863.500000000;10;9393978838;B
20240116;100634;6863.500000000;23;9393978839;B
20240116;100634;6864.000000000;11;9393978840;B
20240116;100634;6864.000000000;1;9393978841;B
20240116;100634;6862.000000000;2;9393978874;S
20240116;100635;6863.500000000;10;9393978980;B
20240116;100635;6862.500000000;6;9393978982;S
20240116;100635;6864.000000000;2;9393979011;B
20240116;100635;6864.000000000;3;9393979012;B
20240116;100636;6864.000000000;8;9393979045;B
20240116;100636;6864.000000000;10;9393979046;B
20240116;100636;6864.500000000;55;9393979047;B
20240116;100637;6862.500000000;9;9393979314;S
20240116;100641;6863.000000000;1;9393980007;S
20240116;100641;6862.500000000;4;9393980008;S
20240116;100642;6863.000000000;1;9393980081;B
20240116;100642;6862.500000000;5;9393980082;S
20240116;100643;6862.000000000;1;9393980247;S
20240116;100643;6862.500000000;5;9393980342;B
20240116;100644;6862.500000000;8;9393980480;B
20240116;100644;6862.500000000;3;9393980521;S
20240116;100644;6862.500000000;5;9393980522;S
20240116;100645;6863.500000000;1;9393980562;B
20240116;100645;6864.000000000;10;9393980599;B
20240116;100645;6864.500000000;5;9393980600;B
20240116;100645;6864.000000000;1;9393980618;B
20240116;100645;6862.500000000;1;9393980632;S
20240116;100645;6863.500000000;1;9393980655;B
20240116;100646;6863.500000000;1;9393980714;B
20240116;100648;6863.500000000;3;9393980844;B
20240116;100648;6862.000000000;3;9393980925;S
20240116;100648;6862.000000000;20;9393980926;S
20240116;100648;6862.000000000;1;9393980927;S
20240116;100648;6862.000000000;5;9393980928;S
20240116;100648;6862.000000000;1;9393980929;S
20240116;100650;6862.500000000;2;9393981211;B
20240116;100651;6863.000000000;10;9393981385;B
20240116;100651;6863.000000000;39;9393981386;B
20240116;100652;6863.000000000;11;9393981528;B
20240116;100652;6863.000000000;16;9393981529;B
20240116;100652;6863.000000000;10;9393981530;B
20240116;100652;6863.500000000;45;9393981531;B
20240116;100652;6864.000000000;12;9393981532;B
20240116;100654;6862.500000000;5;9393982007;S
20240116;100654;6862.500000000;5;9393982008;S
20240116;100654;6863.500000000;2;9393982013;B
20240116;100655;6862.500000000;22;9393982058;S
20240116;100655;6862.000000000;5;9393982059;S
20240116;100655;6862.000000000;16;9393982060;S
20240116;100655;6862.000000000;10;9393982061;S
20240116;100656;6861.500000000;1;9393982244;S
20240116;100656;6861.500000000;15;9393982245;S
20240116;100656;6862.000000000;2;9393982373;B
20240116;100658;6861.500000000;1;9393982512;S
20240116;100658;6862.000000000;2;9393982548;B
20240116;100658;6862.000000000;43;9393982619;B
20240116;100658;6863.000000000;10;9393982620;B
20240116;100658;6863.500000000;36;9393982621;B
20240116;100658;6863.500000000;11;9393982622;B
20240116;100659;6863.500000000;2;9393982684;B
20240116;100659;6864.000000000;4;9393982762;B
20240116;100659;6863.500000000;4;9393982916;B
20240116;100700;6862.000000000;10;9393982970;S
20240116;100700;6861.500000000;34;9393982971;S
20240116;100700;6861.500000000;15;9393982972;S
20240116;100700;6861.500000000;11;9393982973;B
20240116;100700;6861.500000000;10;9393983007;S
20240116;100700;6861.000000000;1;9393983008;S
20240116;100700;6861.000000000;15;9393983009;S
20240116;100700;6861.000000000;4;9393983010;S
20240116;100700;6861.000000000;50;9393983011;S
20240116;100700;6860.500000000;5;9393983012;S
20240116;100700;6860.500000000;5;9393983013;S
20240116;100700;6860.500000000;1;9393983014;S
20240116;100700;6860.500000000;15;9393983015;S
20240116;100700;6860.500000000;30;9393983016;S
20240116;100700;6860.000000000;40;9393983017;S
20240116;100700;6860.000000000;1;9393983018;S
20240116;100700;6860.000000000;30;9393983019;S
20240116;100700;6860.000000000;2;9393983020;S
20240116;100700;6860.000000000;252;9393983021;S
20240116;100701;6862.500000000;1;9393983247;B
20240116;100703;6862.000000000;2;9393983666;B
20240116;100703;6863.000000000;15;9393983667;B
20240116;100703;6863.500000000;3;9393983668;B
20240116;100703;6863.500000000;4;9393983669;B
20240116;100704;6863.500000000;16;9393983739;B
20240116;100705;6862.000000000;8;9393983848;S
20240116;100707;6862.000000000;1;9393984185;S
20240116;100707;6861.500000000;5;9393984186;S
20240116;100707;6861.500000000;4;9393984187;S
20240116;100708;6861.500000000;6;9393984315;S
20240116;100708;6861.000000000;15;9393984316;S
20240116;100708;6861.000000000;5;9393984317;S
20240116;100708;6861.000000000;4;9393984318;S
20240116;100710;6862.500000000;1;9393984588;B
20240116;100711;6862.500000000;2;9393984814;B
20240116;100712;6862.000000000;5;9393984915;S
20240116;100712;6861.500000000;9;9393984916;S
20240116;100715;6862.500000000;2;9393985375;S
20240116;100715;6862.500000000;2;9393985383;S
20240116;100716;6862.500000000;6;9393985400;S
20240116;100716;6862.500000000;11;9393985401;S
20240116;100716;6863.000000000;1;9393985404;B
20240116;100716;6863.000000000;16;9393985418;B
20240116;100716;6863.500000000;1;9393985419;B
20240116;100716;6863.500000000;8;9393985420;B
20240116;100716;6862.500000000;5;9393985491;S
20240116;100717;6862.500000000;5;9393985578;S
20240116;100717;6862.000000000;1;9393985579;S
20240116;100719;6863.500000000;2;9393985797;B
20240116;100719;6862.500000000;30;9393985860;S
20240116;100719;6862.500000000;5;9393985885;S
20240116;100722;6862.500000000;14;9393986258;S
20240116;100722;6862.500000000;10;9393986259;S
20240116;100722;6862.000000000;1;9393986451;S
20240116;100723;6862.000000000;5;9393986653;S
20240116;100725;6862.500000000;10;9393986835;B
20240116;100725;6862.500000000;1;9393986874;B
20240116;100726;6862.500000000;1;9393986933;B
20240116;100726;6862.000000000;12;9393986956;S
20240116;100727;6862.000000000;80;9393987029;S
20240116;100728;6862.000000000;1;9393987271;S
20240116;100729;6862.500000000;1;9393987336;B
20240116;100730;6862.000000000;1;9393987421;S
20240116;100730;6862.000000000;4;9393987482;S
20240116;100731;6862.000000000;7;9393987505;S
20240116;100733;6862.000000000;10;9393988007;S
20240116;100733;6862.000000000;1;9393988047;S
20240116;100735;6862.500000000;1;9393988246;B
20240116;100735;6862.000000000;22;9393988284;S
20240116;100736;6862.000000000;16;9393988349;S
20240116;100736;6862.000000000;20;9393988382;S
20240116;100736;6862.000000000;5;9393988465;S
20240116;100736;6862.500000000;1;9393988483;B
20240116;100738;6862.000000000;4;9393988643;S
20240116;100741;6862.500000000;5;9393989043;B
20240116;100742;6862.000000000;319;9393989280;S
20240116;100743;6862.000000000;50;9393989400;S
20240116;100745;6862.500000000;1;9393989743;B
20240116;100746;6862.500000000;20;9393989842;B
20240116;100747;6862.000000000;4;9393989933;S
20240116;100747;6862.500000000;5;9393990008;B
20240116;100749;6862.500000000;4;9393990241;B
20240116;100749;6862.500000000;10;9393990285;B
20240116;100753;6862.500000000;3;9393990895;B
20240116;100753;6862.000000000;8;9393990914;S
20240116;100755;6862.000000000;2;9393991112;S
20240116;100756;6862.000000000;17;9393991237;S
20240116;100757;6862.000000000;3;9393991358;S
20240116;100757;6862.500000000;2;9393991386;B
20240116;100757;6862.500000000;1;9393991418;B
20240116;100758;6862.000000000;19;9393991454;S
20240116;100758;6862.000000000;20;9393991455;S
20240116;100758;6862.000000000;2;9393991456;S
20240116;100758;6862.000000000;1;9393991457;S
20240116;100758;6862.000000000;1;9393991458;S
20240116;100758;6862.000000000;1;9393991459;S
20240116;100758;6862.000000000;10;9393991460;S
20240116;100758;6862.000000000;1;9393991461;S
20240116;100758;6862.000000000;1;9393991467;B
20240116;100758;6862.000000000;1;9393991533;B
20240116;100801;6861.500000000;10;9393991929;S
20240116;100802;6861.500000000;5;9393992016;S
20240116;100802;6862.000000000;10;9393992154;B
20240116;100803;6862.000000000;1;9393992236;B
20240116;100805;6862.000000000;1;9393992515;B
20240116;100807;6861.500000000;5;9393992701;S
20240116;100807;6861.000000000;5;9393992702;S
20240116;100808;6861.500000000;2;9393992790;B
20240116;100809;6861.000000000;13;9393992940;S
20240116;100810;6861.000000000;1;9393992988;S
20240116;100812;6861.000000000;1;9393993244;S
20240116;100812;6861.000000000;9;9393993245;S
20240116;100813;6861.000000000;100;9393993293;S
20240116;100813;6861.000000000;10;9393993320;B
20240116;100814;6861.000000000;1;9393993363;B
20240116;100814;6860.500000000;3;9393993459;S
20240116;100815;6860.500000000;3;9393993493;S
20240116;100815;6860.500000000;30;9393993494;S
20240116;100815;6860.500000000;5;9393993495;S
20240116;100815;6860.500000000;2;9393993496;S
20240116;100816;6860.500000000;16;9393993571;S
20240116;100816;6860.500000000;32;9393993580;S
20240116;100816;6860.500000000;8;9393993581;S
20240116;100816;6860.500000000;6;9393993582;S
20240116;100816;6860.500000000;14;9393993583;S
20240116;100816;6860.500000000;6;9393993584;S
20240116;100817;6860.500000000;2;9393993669;B
20240116;100817;6860.000000000;2;9393993702;S
20240116;100817;6860.500000000;1;9393993741;B
20240116;100819;6860.500000000;1;9393993935;B
20240116;100819;6860.000000000;5;9393993942;S
20240116;100819;6860.500000000;1;9393994044;B
20240116;100820;6860.500000000;3;9393994214;B
20240116;100823;6860.500000000;1;9393994556;B
20240116;100823;6860.500000000;2;9393994585;B
20240116;100823;6860.000000000;3;9393994596;S
20240116;100825;6860.000000000;1;9393994794;S
20240116;100825;6860.000000000;2;9393994874;S
20240116;100826;6860.500000000;1;9393994906;B
20240116;100826;6860.000000000;4;9393994920;S
20240116;100826;6860.500000000;1;9393994985;B
20240116;100827;6860.000000000;25;9393995027;S
20240116;100827;6860.000000000;1;9393995104;S
20240116;100827;6860.000000000;3;9393995120;S
20240116;100828;6860.500000000;1;9393995142;B
20240116;100828;6860.500000000;4;9393995241;B
20240116;100828;6860.500000000;5;9393995320;B
20240116;100833;6860.000000000;1;9393996006;S
20240116;100833;6860.000000000;5;9393996032;S
20240116;100835;6860.500000000;1;9393996354;B
20240116;100835;6860.000000000;1;9393996392;S
20240116;100836;6860.000000000;15;9393996398;S
20240116;100837;6860.000000000;78;9393996627;S
20240116;100838;6860.000000000;5;9393996745;S
20240116;100839;6860.000000000;70;9393996781;S
20240116;100839;6860.000000000;5;9393996818;S
20240116;100839;6860.000000000;1;9393996863;S
20240116;100840;6860.000000000;39;9393996971;S
20240116;100841;6860.500000000;1;9393997198;B
20240116;100842;6860.500000000;8;9393997272;B
20240116;100842;6860.500000000;50;9393997355;B
20240116;100842;6860.500000000;10;9393997356;B
20240116;100842;6860.500000000;40;9393997357;B
20240116;100843;6860.500000000;1;9393997376;B
20240116;100843;6860.500000000;36;9393997377;B
20240116;100843;6860.500000000;10;9393997378;B
20240116;100843;6860.500000000;3;9393997379;B
20240116;100844;6860.000000000;5;9393997690;S
20240116;100845;6860.500000000;1;9393997825;B
20240116;100846;6860.500000000;1;9393997888;B
20240116;100846;6860.000000000;1;9393997964;S
20240116;100846;6860.000000000;1;9393997965;S
20240116;100846;6860.000000000;20;9393997966;S
20240116;100846;6860.000000000;50;9393997967;S
20240116;100846;6860.000000000;1;9393997968;S
20240116;100846;6860.000000000;1;9393997969;S
20240116;100846;6860.000000000;36;9393997970;S
20240116;100847;6860.000000000;2;9393998009;S
20240116;100847;6860.000000000;1;9393998011;S
20240116;100847;6860.000000000;2;9393998036;S
20240116;100847;6860.000000000;15;9393998153;S
20240116;100848;6860.500000000;4;9393998282;B
20240116;100850;6860.000000000;44;9393998445;S
20240116;100850;6860.000000000;3;9393998446;S
20240116;100850;6860.000000000;1;9393998447;S
20240116;100850;6860.000000000;5;9393998448;S
20240116;100850;6860.000000000;20;9393998449;S
20240116;100850;6860.000000000;7;9393998450;S
20240116;100850;6860.000000000;10;9393998451;S
20240116;100850;6860.000000000;10;9393998452;S
20240116;100850;6860.000000000;2;9393998453;S
20240116;100850;6860.000000000;1;9393998454;S
20240116;100850;6860.000000000;1;9393998455;S
20240116;100850;6860.000000000;3;9393998456;S
20240116;100850;6860.000000000;93;9393998457;S
20240116;100851;6860.500000000;1;9393998613;B
20240116;100851;6860.500000000;4;9393998614;B
20240116;100851;6860.500000000;3;9393998615;B
20240116;100851;6860.500000000;9;9393998616;B
20240116;100851;6860.500000000;7;9393998617;B
20240116;100851;6860.500000000;10;9393998618;B
20240116;100851;6860.500000000;50;9393998619;B
20240116;100851;6861.000000000;4;9393998620;B
20240116;100851;6861.000000000;10;9393998621;B
20240116;100851;6861.500000000;3;9393998622;B
20240116;100851;6861.500000000;65;9393998623;B
20240116;100851;6862.000000000;45;9393998624;B
20240116;100851;6862.000000000;5;9393998625;B
20240116;100851;6862.000000000;4;9393998626;B
20240116;100851;6862.000000000;15;9393998627;B
20240116;100851;6862.000000000;15;9393998628;B
20240116;100851;6862.500000000;19;9393998629;B
20240116;100851;6862.500000000;64;9393998630;B
20240116;100851;6862.500000000;28;9393998631;B
20240116;100851;6862.500000000;1;9393998632;B
20240116;100851;6862.500000000;5;9393998633;B
20240116;100851;6863.000000000;2;9393998634;B
