<DATE>;<TIME>;<LAST>;<VOL>;<ID>;<OPER>
20240209;095949;7232.000000000;1;9581447563;S
20240209;095949;7232.000000000;25;9581447564;S
20240209;095949;7232.000000000;2;9581447565;S
20240209;095949;7232.000000000;2;9581447566;S
20240209;095949;7232.000000000;1;9581447567;B
20240209;095949;7232.000000000;1;9581447568;B
20240209;095949;7232.000000000;3;9581447569;B
20240209;095949;7232.000000000;25;9581447570;B
20240209;095949;7232.000000000;264;9581447571;B
20240209;095949;7232.000000000;1;9581447572;B
20240209;095949;7232.000000000;1;9581447573;B
20240209;095949;7232.000000000;1;9581447574;B
20240209;095949;7232.000000000;1;9581447575;S
20240209;095949;7232.000000000;1;9581447576;S
20240209;095949;7232.000000000;2;9581447577;S
20240209;095949;7232.000000000;2;9581447578;S
20240209;095949;7232.000000000;3;9581447579;S
20240209;095949;7232.000000000;1;9581447580;S
20240209;095949;7232.000000000;3;9581447581;S
20240209;095949;7232.000000000;4;9581447582;S
20240209;095949;7232.000000000;1;9581447583;B
20240209;095949;7232.000000000;25;9581447584;B
20240209;095949;7232.000000000;2;9581447585;B
20240209;095949;7232.000000000;128;9581447586;B
20240209;095949;7232.000000000;23;9581447587;B
20240209;095949;7232.000000000;49;9581447588;B
20240209;095949;7232.000000000;10;9581447589;B
20240209;095949;7232.000000000;10;9581447590;S
20240209;095949;7232.000000000;3;9581447591;S
20240209;095949;7232.000000000;1;9581447592;S
20240209;095949;7232.000000000;19;9581447593;S
20240209;095949;7232.000000000;2;9581447594;S
20240209;095949;7232.000000000;2;9581447595;S
20240209;095949;7232.000000000;64;9581447596;S
20240209;095949;7232.000000000;19;9581447597;S
20240209;095949;7232.000000000;1;9581447598;S
20240209;095949;7232.000000000;5;9581447599;S
20240209;095949;7232.000000000;2;9581447600;S
20240209;095949;7232.000000000;14;9581447601;B
20240209;095949;7232.000000000;3;9581447602;B
20240209;095949;7232.000000000;2;9581447603;B
20240209;095949;7232.000000000;3;9581447604;S
20240209;095949;7232.000000000;3;9581447605;S
20240209;095949;7232.000000000;2;9581447606;S
20240209;095949;7232.000000000;2;9581447607;S
20240209;100000;7233.500000000;20;9581450522;B
20240209;100000;7233.500000000;14;9581450523;B
20240209;100000;7234.000000000;36;9581450524;B
20240209;100000;7234.000000000;10;9581450616;B
20240209;100000;7233.500000000;20;9581450619;S
20240209;100000;7233.500000000;14;9581450620;S
20240209;100000;7234.000000000;9;9581450637;B
20240209;100000;7234.000000000;4;9581450638;B
20240209;100000;7234.000000000;78;9581450639;B
20240209;100000;7234.000000000;18;9581450651;B
20240209;100000;7234.500000000;40;9581450753;B
20240209;100000;7234.500000000;1;9581450755;B
20240209;100000;7234.500000000;4;9581450758;B
20240209;100000;7236.500000000;1;9581451094;B
20240209;100000;7236.500000000;9;9581451095;B
20240209;100001;7236.500000000;2;9581451556;B
20240209;100001;7236.500000000;8;9581451557;B
20240209;100001;7236.500000000;10;9581451603;B
20240209;100001;7236.000000000;6;9581451633;S
20240209;100001;7235.500000000;10;9581451670;B
20240209;100001;7237.000000000;1;9581451715;B
20240209;100001;7237.000000000;2;9581451723;B
20240209;100001;7237.000000000;1;9581451800;B
20240209;100001;7237.000000000;1;9581451828;B
20240209;100001;7237.000000000;1;9581451847;B
20240209;100001;7237.000000000;24;9581451920;B
20240209;100001;7239.500000000;60;9581451922;B
20240209;100001;7240.000000000;1;9581451923;B
20240209;100001;7240.000000000;2;9581451924;B
20240209;100001;7240.000000000;4;9581451925;B
20240209;100001;7240.500000000;10;9581451926;B
20240209;100001;7240.500000000;10;9581451927;B
20240209;100001;7241.000000000;20;9581451967;S
20240209;100001;7241.000000000;10;9581451972;S
20240209;100001;7241.000000000;10;9581451973;S
20240209;100001;7241.000000000;20;9581451974;S
20240209;100001;7241.000000000;10;9581451975;S
20240209;100001;7241.000000000;10;9581451982;S
20240209;100001;7241.000000000;10;9581451989;S
20240209;100001;7242.500000000;10;9581452171;S
20240209;100001;7243.000000000;11;9581452180;B
20240209;100001;7244.000000000;20;9581452200;S
20240209;100001;7244.000000000;10;9581452342;S
20240209;100002;7244.500000000;11;9581452506;B
20240209;100002;7245.000000000;2;9581452507;B
20240209;100002;7245.000000000;8;9581452508;B
20240209;100002;7244.500000000;10;9581453447;S
20240209;100003;7244.000000000;2;9581453596;S
20240209;100003;7244.500000000;10;9581453700;S
20240209;100003;7244.000000000;4;9581453701;S
20240209;100003;7244.000000000;10;9581453702;S
20240209;100003;7244.500000000;10;9581453877;S
20240209;100003;7244.000000000;1;9581453878;S
20240209;100004;7245.000000000;6;9581454685;B
20240209;100005;7244.000000000;3;9581455352;S
20240209;100006;7244.000000000;5;9581456188;S
20240209;100006;7245.000000000;1;9581456239;B
20240209;100006;7245.000000000;1;9581456395;B
20240209;100006;7245.000000000;3;9581456402;B
20240209;100006;7245.000000000;1;9581456438;B
20240209;100006;7245.000000000;1;9581456929;B
20240209;100006;7244.000000000;1;9581456930;S
20240209;100006;7244.000000000;1;9581457394;S
20240209;100006;7244.000000000;19;9581457408;S
20240209;100006;7244.000000000;10;9581457490;S
20240209;100006;7244.000000000;50;9581457491;S
20240209;100006;7244.000000000;50;9581457492;S
20240209;100006;7244.000000000;50;9581457493;S
20240209;100006;7244.000000000;20;9581457494;S
20240209;100006;7244.000000000;30;9581457495;S
20240209;100006;7244.000000000;50;9581457496;S
20240209;100006;7244.000000000;2;9581457497;S
20240209;100006;7244.000000000;10;9581457498;S
20240209;100006;7243.500000000;15;9581457499;S
20240209;100006;7243.000000000;1;9581457500;S
20240209;100006;7241.000000000;34;9581457501;S
20240209;100006;7238.500000000;24;9581457502;S
20240209;100006;7238.000000000;60;9581457503;S
20240209;100006;7236.500000000;11;9581457504;S
20240209;100006;7236.000000000;11;9581457505;S
20240209;100006;7235.500000000;42;9581457506;S
20240209;100006;7235.500000000;42;9581457507;S
20240209;100006;7235.500000000;11;9581457508;S
20240209;100006;7235.000000000;16;9581457509;S
20240209;100006;7235.000000000;300;9581457510;S
20240209;100006;7234.000000000;60;9581457511;S
20240209;100006;7233.500000000;50;9581457512;S
20240209;100006;7232.000000000;505;9581457513;S
20240209;100006;7232.000000000;46;9581457514;S
20240209;100006;7244.000000000;15;9581457523;B
20240209;100006;7244.000000000;6;9581457524;S
20240209;100006;7235.500000000;10;9581457533;S
20240209;100007;7232.500000000;3;9581457881;S
20240209;100007;7233.000000000;2;9581458290;B
20240209;100007;7232.000000000;5;9581458557;S
20240209;100008;7232.000000000;1;9581459455;S
20240209;100008;7232.000000000;1;9581459456;S
20240209;100010;7232.000000000;2;9581460647;S
20240209;100010;7233.000000000;2;9581460659;B
20240209;100010;7232.000000000;55;9581460700;S
20240209;100010;7233.000000000;1;9581460701;B
20240209;100010;7232.000000000;38;9581460793;S
20240209;100010;7232.000000000;13;9581460794;S
20240209;100010;7232.000000000;14;9581460795;S
20240209;100010;7232.500000000;1;9581460965;B
20240209;100010;7232.500000000;1;9581461005;B
20240209;100010;7232.000000000;77;9581461041;S
20240209;100010;7232.000000000;1;9581461042;S
20240209;100010;7232.000000000;22;9581461043;S
20240209;100010;7232.500000000;2;9581461317;B
20240209;100010;7232.000000000;1;9581461390;S
20240209;100010;7232.500000000;1;9581461391;B
20240209;100010;7232.000000000;3;9581461454;S
20240209;100010;7232.500000000;3;9581461457;B
20240209;100010;7232.500000000;1;9581461458;B
20240209;100010;7233.000000000;1;9581461461;B
20240209;100010;7233.500000000;5;9581461464;B
20240209;100010;7236.000000000;4;9581461538;B
20240209;100011;7235.000000000;11;9581461555;B
20240209;100011;7235.000000000;7;9581461556;B
20240209;100011;7240.500000000;1;9581461579;B
20240209;100011;7232.500000000;5;9581461592;S
20240209;100014;7232.500000000;1;9581462998;S
20240209;100014;7236.500000000;2;9581463068;B
20240209;100014;7235.500000000;5;9581463208;B
20240209;100015;7237.500000000;10;9581463663;B
20240209;100016;7237.000000000;17;9581464281;B
20240209;100017;7233.500000000;11;9581464495;B
20240209;100017;7236.500000000;10;9581464965;B
20240209;100017;7236.500000000;4;9581464966;B
20240209;100018;7235.500000000;1;9581465451;B
20240209;100018;7234.000000000;7;9581465496;S
20240209;100019;7234.000000000;10;9581466068;S
20240209;100019;7234.000000000;5;9581466069;S
20240209;100020;7236.000000000;11;9581466097;B
20240209;100020;7236.000000000;36;9581466098;B
20240209;100020;7234.000000000;1;9581466192;S
20240209;100020;7236.500000000;2;9581466296;B
20240209;100021;7235.500000000;1;9581466464;B
20240209;100022;7234.000000000;4;9581467196;S
20240209;100022;7233.500000000;1;9581467197;S
20240209;100025;7235.500000000;1;9581468032;S
20240209;100025;7233.500000000;10;9581468033;B
20240209;100025;7233.500000000;30;9581468034;B
20240209;100028;7233.500000000;30;9581468424;B
20240209;100028;7233.500000000;34;9581468425;B
20240209;100028;7233.500000000;11;9581468426;B
20240209;100028;7233.500000000;10;9581468427;B
20240209;100028;7234.000000000;115;9581468428;B
20240209;100028;7233.500000000;4;9581468480;B
20240209;100028;7233.500000000;15;9581468562;B
20240209;100028;7233.500000000;1;9581468753;B
20240209;100030;7233.500000000;2;9581469129;B
20240209;100031;7233.500000000;1;9581469286;B
20240209;100031;7233.500000000;11;9581469318;B
20240209;100031;7233.500000000;60;9581469319;B
20240209;100031;7233.500000000;11;9581469320;B
20240209;100031;7234.000000000;18;9581469321;B
20240209;100031;7233.500000000;34;9581469376;B
20240209;100031;7233.500000000;46;9581469377;B
20240209;100032;7233.500000000;2;9581469550;B
20240209;100032;7233.500000000;9;9581469566;B
20240209;100032;7233.500000000;9;9581469575;B
20240209;100032;7234.000000000;3;9581469627;B
20240209;100032;7234.000000000;21;9581469628;B
20240209;100032;7234.000000000;733;9581469629;B
20240209;100032;7235.000000000;1;9581469630;B
20240209;100032;7237.000000000;30;9581469686;B
20240209;100033;7235.500000000;10;9581469820;S
20240209;100034;7234.500000000;1;9581470023;S
20240209;100035;7239.000000000;1;9581470284;B
20240209;100037;7238.000000000;11;9581470766;B
20240209;100037;7238.500000000;19;9581470767;B
20240209;100039;7239.500000000;3;9581471049;B
20240209;100041;7236.500000000;2;9581471513;S
20240209;100041;7239.500000000;2;9581471522;B
20240209;100041;7239.500000000;2;9581471530;B
20240209;100041;7239.500000000;5;9581471579;B
20240209;100042;7239.500000000;2;9581471669;B
20240209;100042;7239.500000000;2;9581471670;B
20240209;100045;7237.000000000;10;9581472685;S
20240209;100045;7237.000000000;5;9581472686;S
20240209;100045;7237.500000000;3;9581472707;S
20240209;100048;7240.500000000;1;9581473624;B
20240209;100051;7243.000000000;1;9581474384;B
20240209;100051;7243.000000000;9;9581474385;B
20240209;100053;7243.000000000;1;9581475054;B
20240209;100053;7243.000000000;9;9581475055;B
20240209;100054;7243.000000000;1;9581475280;B
20240209;100054;7243.000000000;2;9581475337;B
20240209;100054;7243.000000000;30;9581475366;B
20240209;100054;7243.000000000;4;9581475386;B
20240209;100057;7240.500000000;3;9581476099;S
20240209;100057;7243.000000000;14;9581476157;B
20240209;100057;7243.000000000;11;9581476158;B
20240209;100057;7243.000000000;10;9581476159;B
20240209;100057;7243.000000000;15;9581476160;B
20240209;100057;7243.000000000;1;9581476246;B
20240209;100057;7243.000000000;10;9581476253;B
20240209;100100;7241.500000000;1;9581476741;B
20240209;100101;7241.500000000;6;9581476875;B
20240209;100101;7241.500000000;7;9581476876;B
20240209;100103;7242.500000000;13;9581477322;S
20240209;100103;7242.500000000;6;9581477338;S
20240209;100103;7242.500000000;7;9581477384;B
20240209;100103;7242.500000000;60;9581477385;B
20240209;100103;7241.000000000;7;9581477464;S
20240209;100103;7240.500000000;4;9581477465;S
20240209;100105;7243.000000000;10;9581477741;B
20240209;100108;7241.000000000;5;9581478475;B
20240209;100108;7241.000000000;10;9581478618;B
20240209;100111;7241.000000000;10;9581479484;B
20240209;100111;7241.000000000;4;9581479489;B
20240209;100115;7241.000000000;3;9581480161;B
20240209;100116;7240.000000000;1;9581480355;S
20240209;100116;7240.000000000;5;9581480366;S
20240209;100116;7238.500000000;10;9581480367;S
20240209;100116;7238.500000000;34;9581480368;S
20240209;100116;7238.000000000;22;9581480369;S
20240209;100119;7240.000000000;2;9581480925;B
20240209;100120;7239.000000000;60;9581481147;B
20240209;100120;7239.000000000;10;9581481148;B
20240209;100120;7239.500000000;26;9581481149;B
20240209;100120;7240.500000000;7;9581481150;B
20240209;100120;7240.500000000;40;9581481151;B
20240209;100120;7241.000000000;37;9581481152;B
20240209;100121;7239.500000000;5;9581481302;B
20240209;100121;7238.000000000;8;9581481304;S
20240209;100121;7237.000000000;1;9581481305;S
20240209;100121;7237.000000000;2;9581481306;S
20240209;100121;7236.500000000;2;9581481307;S
20240209;100127;7238.000000000;1;9581482152;B
20240209;100128;7236.500000000;9;9581482246;S
20240209;100128;7238.000000000;2;9581482315;B
20240209;100129;7236.500000000;1;9581482474;S
20240209;100133;7238.000000000;2;9581483187;B
20240209;100133;7238.000000000;3;9581483188;B
20240209;100135;7238.000000000;4;9581483494;B
20240209;100139;7235.500000000;11;9581484180;S
20240209;100139;7235.500000000;10;9581484181;S
20240209;100139;7235.500000000;8;9581484182;S
20240209;100143;7235.500000000;3;9581484834;S
20240209;100144;7236.000000000;3;9581484951;B
20240209;100144;7236.000000000;2;9581484952;B
20240209;100145;7236.000000000;5;9581485090;B
20240209;100146;7236.000000000;1;9581485260;B
20240209;100148;7236.000000000;5;9581485621;B
20240209;100148;7235.500000000;1;9581485660;S
20240209;100148;7235.500000000;10;9581485688;S
20240209;100148;7235.500000000;10;9581485689;S
20240209;100148;7235.500000000;1;9581485690;S
20240209;100148;7235.500000000;50;9581485748;B
20240209;100153;7235.000000000;3;9581486487;S
20240209;100153;7235.500000000;1;9581486533;B
20240209;100157;7235.500000000;2;9581487143;B
20240209;100158;7235.500000000;1;9581487374;B
20240209;100200;7235.500000000;9;9581487677;B
20240209;100201;7235.500000000;4;9581487867;B
20240209;100202;7235.000000000;79;9581488047;S
20240209;100202;7235.000000000;30;9581488048;S
20240209;100202;7235.000000000;3;9581488049;S
20240209;100202;7235.000000000;2;9581488050;S
20240209;100202;7235.000000000;10;9581488051;S
20240209;100202;7234.500000000;1;9581488052;S
20240209;100204;7235.000000000;1;9581488525;B
20240209;100207;7235.000000000;37;9581489061;B
20240209;100211;7235.000000000;11;9581489564;B
20240209;100211;7235.000000000;1;9581489565;B
20240209;100211;7235.500000000;10;9581489569;S
20240209;100215;7236.000000000;5;9581490219;B
20240209;100220;7236.000000000;1;9581492206;B
20240209;100224;7235.500000000;10;9581493229;S
20240209;100224;7235.000000000;10;9581493230;S
20240209;100228;7236.000000000;5;9581493847;B
20240209;100231;7236.000000000;5;9581494421;B
20240209;100232;7236.500000000;1;9581494574;B
20240209;100233;7236.500000000;2;9581494623;B
20240209;100234;7235.500000000;1;9581494811;S
20240209;100234;7235.500000000;1;9581494832;S
20240209;100234;7235.500000000;1;9581494849;S
20240209;100235;7236.500000000;1;9581494887;B
20240209;100235;7235.500000000;3;9581494888;S
20240209;100235;7235.500000000;3;9581494933;S
20240209;100238;7237.000000000;1;9581495433;B
20240209;100238;7237.000000000;2;9581495441;B
20240209;100241;7235.500000000;29;9581495745;S
20240209;100241;7237.000000000;4;9581495879;B
20240209;100241;7235.500000000;12;9581495908;S
20240209;100241;7235.500000000;10;9581495909;S
20240209;100242;7235.500000000;13;9581495990;B
20240209;100246;7235.500000000;6;9581496481;B
20240209;100246;7236.500000000;10;9581496482;B
20240209;100246;7236.500000000;44;9581496483;B
20240209;100249;7237.000000000;19;9581496836;B
20240209;100249;7237.000000000;6;9581496837;B
20240209;100249;7237.000000000;10;9581496838;B
20240209;100251;7238.000000000;1;9581497207;B
20240209;100251;7238.000000000;6;9581497208;B
20240209;100251;7238.000000000;10;9581497209;B
20240209;100251;7238.500000000;7;9581497210;B
20240209;100251;7238.500000000;1;9581497235;B
20240209;100255;7238.500000000;5;9581497634;B
20240209;100256;7238.500000000;1;9581497856;B
20240209;100257;7235.500000000;8;9581497992;S
20240209;100258;7238.500000000;2;9581498088;B
20240209;100258;7238.500000000;2;9581498102;B
20240209;100258;7238.500000000;2;9581498134;B
20240209;100259;7238.500000000;3;9581498167;B
20240209;100303;7236.500000000;3;9581498743;S
20240209;100303;7236.500000000;3;9581498767;S
20240209;100303;7236.500000000;4;9581498800;S
20240209;100304;7236.500000000;1;9581499023;S
20240209;100306;7239.000000000;1;9581499260;B
20240209;100306;7239.000000000;1;9581499261;B
20240209;100306;7239.500000000;2;9581499262;B
20240209;100306;7240.000000000;11;9581499263;B
20240209;100306;7238.000000000;1;9581499294;S
20240209;100307;7240.000000000;1;9581499509;B
20240209;100308;7240.000000000;4;9581499674;B
20240209;100309;7240.000000000;1;9581499953;B
20240209;100310;7238.500000000;2;9581500010;S
20240209;100310;7240.000000000;1;9581500118;B
20240209;100311;7238.500000000;1;9581500396;S
20240209;100312;7240.000000000;1;9581500463;B
20240209;100312;7240.000000000;39;9581500649;B
20240209;100312;7240.000000000;10;9581500650;B
20240209;100312;7240.500000000;37;9581500651;B
20240209;100312;7241.000000000;164;9581500652;B
20240209;100313;7240.000000000;1;9581500788;B
20240209;100313;7240.500000000;10;9581500789;B
20240209;100313;7240.500000000;3;9581500790;B
20240209;100315;7239.500000000;5;9581501401;S
20240209;100316;7240.500000000;1;9581501594;B
20240209;100317;7240.500000000;1;9581501616;B
20240209;100319;7239.000000000;42;9581501934;S
20240209;100319;7239.000000000;10;9581501935;S
20240209;100319;7238.500000000;12;9581501936;S
20240209;100319;7238.500000000;26;9581501937;S
20240209;100319;7238.000000000;10;9581501938;S
20240209;100320;7240.000000000;1;9581502136;S
20240209;100320;7240.000000000;9;9581502197;S
20240209;100321;7240.000000000;2;9581502298;B
20240209;100321;7240.000000000;5;9581502316;B
20240209;100322;7240.000000000;1;9581502373;B
20240209;100325;7238.000000000;4;9581502713;S
20240209;100328;7239.500000000;1;9581503314;B
20240209;100328;7239.500000000;2;9581503331;B
20240209;100328;7239.500000000;5;9581503342;B
20240209;100335;7240.000000000;5;9581504444;B
20240209;100336;7240.000000000;2;9581504677;B
20240209;100345;7239.500000000;3;9581505880;B
20240209;100345;7240.000000000;76;9581505881;B
20240209;100345;7240.000000000;3;9581505882;B
20240209;100345;7240.000000000;1;9581505883;B
20240209;100345;7240.000000000;1;9581505884;B
20240209;100345;7240.000000000;10;9581505885;B
20240209;100348;7240.500000000;1;9581506346;B
20240209;100348;7240.500000000;3;9581506347;B
20240209;100353;7240.000000000;1;9581506986;S
20240209;100356;7240.000000000;3;9581507477;S
20240209;100356;7240.000000000;1;9581507478;S
20240209;100356;7240.000000000;1;9581507512;S
20240209;100356;7240.000000000;2;9581507513;S
20240209;100356;7240.000000000;1;9581507514;S
20240209;100357;7240.000000000;7;9581507616;B
20240209;100357;7240.000000000;19;9581507617;B
20240209;100357;7240.500000000;39;9581507618;B
20240209;100357;7240.000000000;6;9581507657;B
20240209;100357;7240.000000000;3;9581507668;B
20240209;100359;7240.000000000;2;9581507890;B
20240209;100401;7240.000000000;5;9581508251;B
20240209;100403;7240.000000000;10;9581508486;B
20240209;100404;7240.000000000;1;9581508592;B
20240209;100407;7240.000000000;2;9581508872;B
20240209;100408;7239.500000000;1;9581508984;S
20240209;100408;7239.500000000;2;9581508985;S
20240209;100408;7239.000000000;4;9581508986;S
20240209;100408;7239.000000000;10;9581509017;S
20240209;100411;7239.000000000;1;9581509420;S
20240209;100411;7239.000000000;1;9581509429;S
20240209;100414;7240.000000000;1;9581509787;B
20240209;100414;7239.000000000;1;9581509826;S
20240209;100414;7239.000000000;20;9581509827;S
20240209;100415;7238.000000000;4;9581509865;B
20240209;100415;7238.000000000;56;9581509954;B
20240209;100415;7238.000000000;7;9581509955;B
20240209;100415;7238.000000000;19;9581509956;B
20240209;100415;7238.500000000;10;9581509957;B
20240209;100415;7238.500000000;15;9581509958;B
20240209;100415;7239.500000000;7;9581509959;B
20240209;100415;7239.500000000;42;9581509960;B
20240209;100415;7240.000000000;5;9581509961;B
20240209;100415;7240.000000000;10;9581509962;B
20240209;100415;7240.000000000;99;9581509963;B
20240209;100415;7238.000000000;1;9581510052;B
20240209;100417;7237.500000000;1;9581510349;S
20240209;100417;7237.500000000;4;9581510350;S
20240209;100417;7237.500000000;2;9581510351;S
20240209;100417;7237.500000000;5;9581510438;S
20240209;100417;7237.500000000;1;9581510439;S
20240209;100418;7237.500000000;9;9581510515;S
20240209;100423;7237.500000000;196;9581511049;B
20240209;100423;7237.500000000;7;9581511050;B
20240209;100423;7237.500000000;4;9581511051;B
20240209;100423;7237.500000000;10;9581511052;B
20240209;100423;7238.000000000;1;9581511053;B
20240209;100423;7238.000000000;15;9581511054;B
20240209;100423;7238.000000000;19;9581511055;B
20240209;100423;7238.500000000;47;9581511056;B
20240209;100427;7238.000000000;1;9581511656;B
20240209;100427;7238.500000000;1;9581511773;B
20240209;100428;7238.500000000;1;9581511848;B
20240209;100428;7238.500000000;5;9581511849;B
20240209;100430;7237.500000000;10;9581512218;S
20240209;100430;7237.000000000;40;9581512219;S
20240209;100434;7238.000000000;1;9581512822;S
20240209;100439;7237.500000000;1;9581513415;B
20240209;100440;7237.000000000;30;9581513602;S
20240209;100442;7237.500000000;5;9581513767;B
20240209;100442;7237.000000000;10;9581513794;S
20240209;100443;7237.500000000;1;9581513915;B
20240209;100450;7237.000000000;11;9581514815;S
20240209;100450;7237.000000000;30;9581514816;S
20240209;100450;7237.000000000;2;9581514817;S
20240209;100450;7237.000000000;2;9581514818;S
20240209;100450;7237.000000000;8;9581514819;S
20240209;100450;7237.000000000;10;9581514820;S
20240209;100452;7236.500000000;5;9581515153;B
20240209;100455;7236.000000000;4;9581515564;B
20240209;100456;7236.000000000;2;9581515649;B
20240209;100456;7236.000000000;40;9581515659;B
20240209;100456;7236.000000000;8;9581515660;B
20240209;100456;7236.500000000;10;9581515661;B
20240209;100456;7236.500000000;8;9581515662;B
20240209;100456;7236.500000000;20;9581515663;B
20240209;100456;7236.500000000;10;9581515664;B
20240209;100456;7237.000000000;4;9581515665;B
20240209;100458;7236.000000000;5;9581515813;B
20240209;100458;7236.000000000;15;9581515814;B
20240209;100459;7236.000000000;2;9581515936;B
20240209;100459;7236.000000000;7;9581515955;B
20240209;100500;7236.000000000;2;9581516170;B
20240209;100502;7236.000000000;4;9581516397;B
20240209;100502;7236.000000000;2;9581516401;B
20240209;100502;7235.500000000;2;9581516449;S
20240209;100502;7235.500000000;5;9581516450;S
20240209;100502;7235.500000000;1;9581516476;S
20240209;100506;7235.500000000;4;9581517988;S
20240209;100508;7235.500000000;5;9581518597;B
20240209;100510;7235.000000000;50;9581518844;S
20240209;100510;7235.000000000;5;9581518845;S
20240209;100510;7235.000000000;5;9581518846;S
20240209;100510;7235.000000000;14;9581518847;S
20240209;100510;7235.000000000;1;9581518848;S
20240209;100511;7234.500000000;6;9581519137;S
20240209;100511;7234.500000000;4;9581519138;S
20240209;100511;7234.500000000;50;9581519139;S
20240209;100511;7234.000000000;5;9581519140;S
20240209;100511;7234.000000000;3;9581519141;S
20240209;100511;7234.000000000;18;9581519142;S
20240209;100511;7234.000000000;11;9581519143;S
20240209;100511;7234.000000000;59;9581519144;S
20240209;100511;7234.000000000;16;9581519145;S
20240209;100511;7234.000000000;23;9581519146;S
20240209;100511;7234.000000000;1;9581519147;S
20240209;100511;7233.000000000;5;9581519148;S
20240209;100511;7232.500000000;12;9581519231;S
20240209;100511;7232.500000000;1;9581519232;S
20240209;100511;7232.500000000;10;9581519233;S
20240209;100511;7232.000000000;5;9581519234;S
20240209;100511;7232.000000000;72;9581519235;S
20240209;100512;7232.000000000;34;9581519431;S
20240209;100512;7232.000000000;150;9581519432;S
20240209;100512;7232.000000000;50;9581519433;S
20240209;100512;7232.000000000;1;9581519434;S
20240209;100512;7232.000000000;1;9581519435;S
20240209;100512;7231.500000000;30;9581519437;S
20240209;100512;7231.500000000;1;9581519438;S
20240209;100512;7231.500000000;2;9581519439;S
20240209;100512;7231.500000000;1;9581519440;S
20240209;100512;7231.500000000;1;9581519441;S
20240209;100512;7231.500000000;1;9581519442;S
20240209;100512;7231.500000000;4;9581519443;S
20240209;100512;7231.500000000;1;9581519444;S
20240209;100512;7231.500000000;14;9581519445;S
20240209;100512;7231.500000000;1;9581519446;S
20240209;100512;7231.500000000;10;9581519447;S
20240209;100512;7231.500000000;2;9581519448;S
20240209;100512;7231.500000000;3;9581519449;S
20240209;100512;7231.500000000;2;9581519450;S
20240209;100512;7231.500000000;1;9581519451;S
20240209;100512;7231.500000000;2;9581519452;S
20240209;100512;7231.500000000;1;9581519453;S
20240209;100512;7231.500000000;1;9581519454;S
20240209;100512;7231.000000000;1;9581519455;S
20240209;100512;7231.000000000;1;9581519456;S
20240209;100512;7231.000000000;2;9581519457;S
20240209;100512;7231.000000000;1;9581519458;S
20240209;100513;7231.000000000;1;9581519573;S
20240209;100513;7231.000000000;2;9581519574;S
20240209;100513;7231.000000000;70;9581519575;S
20240209;100513;7230.500000000;2;9581519576;S
20240209;100513;7230.500000000;1;9581519577;S
20240209;100513;7230.500000000;2;9581519578;S
20240209;100513;7230.500000000;2;9581519579;S
20240209;100513;7230.500000000;1;9581519580;S
20240209;100513;7230.500000000;1;9581519581;S
20240209;100513;7230.500000000;2;9581519582;S
20240209;100513;7230.500000000;1;9581519583;S
20240209;100516;7230.000000000;1;9581520165;S
20240209;100517;7230.000000000;1;9581520210;S
20240209;100517;7230.000000000;2;9581520220;S
20240209;100517;7230.000000000;1;9581520221;S
20240209;100518;7230.000000000;1;9581520413;S
20240209;100518;7230.000000000;1;9581520414;S
20240209;100518;7230.000000000;1;9581520415;S
20240209;100518;7230.000000000;9;9581520522;S
20240209;100518;7230.000000000;7;9581520523;S
20240209;100518;7230.000000000;1;9581520524;S
20240209;100521;7230.500000000;3;9581520937;B
20240209;100522;7231.000000000;5;9581521055;B
20240209;100522;7230.000000000;7;9581521116;S
20240209;100522;7230.000000000;65;9581521117;S
20240209;100525;7229.500000000;1;9581521563;S
20240209;100525;7229.000000000;37;9581521564;S
20240209;100526;7229.000000000;2;9581521971;S
20240209;100526;7229.000000000;30;9581521972;S
20240209;100526;7228.500000000;14;9581521973;S
20240209;100530;7226.500000000;23;9581522907;S
20240209;100532;7225.500000000;50;9581523514;S
20240209;100532;7225.500000000;50;9581523515;S
20240209;100533;7225.500000000;4;9581523643;S
20240209;100534;7225.500000000;1;9581524016;S
20240209;100535;7225.500000000;1;9581524093;S
20240209;100535;7226.000000000;4;9581524199;B
20240209;100538;7225.500000000;2;9581525123;S
20240209;100538;7225.500000000;42;9581525520;S
20240209;100538;7225.500000000;50;9581525521;S
20240209;100538;7225.500000000;50;9581525522;S
20240209;100538;7225.500000000;33;9581525523;S
20240209;100538;7225.500000000;17;9581525524;S
20240209;100538;7225.500000000;20;9581525525;S
20240209;100538;7225.500000000;10;9581525526;S
20240209;100538;7225.500000000;10;9581525527;S
20240209;100538;7225.500000000;1;9581525528;S
20240209;100538;7225.000000000;1;9581525530;S
20240209;100538;7224.000000000;1;9581525534;S
20240209;100538;7224.000000000;2;9581525535;S
20240209;100538;7224.000000000;11;9581525536;S
20240209;100538;7223.500000000;2;9581525726;S
20240209;100538;7223.500000000;11;9581525727;S
20240209;100538;7223.000000000;1;9581525728;S
20240209;100540;7223.500000000;1;9581526313;B
20240209;100540;7223.000000000;1;9581526521;S
20240209;100540;7222.000000000;3;9581526522;S
20240209;100540;7222.000000000;1;9581526523;S
20240209;100540;7223.500000000;1;9581526548;B
20240209;100540;7223.500000000;8;9581526552;B
20240209;100540;7223.500000000;30;9581526553;B
20240209;100540;7223.500000000;8;9581526554;B
20240209;100540;7224.000000000;15;9581526555;B
20240209;100540;7225.500000000;1;9581526556;B
20240209;100540;7225.500000000;10;9581526557;B
20240209;100540;7225.500000000;13;9581526558;B
20240209;100540;7225.500000000;15;9581526559;S
20240209;100540;7224.500000000;1;9581526632;B
20240209;100543;7222.000000000;9;9581527635;S
20240209;100543;7222.000000000;1;9581527636;S
20240209;100543;7222.000000000;2;9581527781;S
20240209;100545;7223.000000000;1;9581528361;B
20240209;100545;7223.000000000;6;9581528503;B
20240209;100546;7223.000000000;4;9581528656;B
20240209;100546;7222.000000000;8;9581528673;S
20240209;100546;7222.000000000;1;9581528674;S
20240209;100546;7222.000000000;10;9581528675;S
20240209;100546;7222.000000000;1;9581528737;B
20240209;100547;7221.500000000;6;9581529049;S
20240209;100547;7221.500000000;4;9581529082;S
20240209;100547;7221.000000000;1;9581529083;S
20240209;100547;7221.000000000;1;9581529084;S
20240209;100547;7221.000000000;7;9581529085;S
20240209;100548;7221.500000000;10;9581529695;S
20240209;100548;7221.500000000;12;9581529696;S
20240209;100548;7221.500000000;1;9581529697;S
20240209;100548;7221.000000000;3;9581529698;S
20240209;100548;7222.000000000;1;9581529771;B
20240209;100548;7222.000000000;4;9581529772;B
20240209;100550;7222.500000000;1;9581530484;S
20240209;100552;7223.500000000;8;9581531060;B
20240209;100552;7223.500000000;3;9581531061;B
20240209;100552;7223.500000000;27;9581531080;B
20240209;100552;7225.500000000;20;9581531117;B
20240209;100552;7226.000000000;11;9581531130;B
20240209;100552;7226.000000000;1;9581531131;B
20240209;100553;7226.000000000;6;9581531414;S
20240209;100554;7226.500000000;43;9581531495;B
20240209;100554;7226.500000000;18;9581531517;B
20240209;100554;7226.500000000;2;9581531518;B
20240209;100554;7226.500000000;237;9581531519;B
20240209;100554;7226.500000000;10;9581531520;B
20240209;100557;7228.000000000;1;9581532030;B
20240209;100557;7227.000000000;5;9581532065;S
20240209;100557;7226.500000000;1;9581532066;S
20240209;100557;7226.500000000;1;9581532067;S
20240209;100557;7225.500000000;8;9581532068;S
20240209;100557;7225.000000000;10;9581532069;S
20240209;100557;7223.500000000;5;9581532070;S
20240209;100601;7227.000000000;3;9581532981;B
20240209;100602;7227.000000000;4;9581533067;B
20240209;100602;7224.000000000;1;9581533217;S
20240209;100602;7223.500000000;14;9581533218;S
20240209;100602;7223.500000000;1;9581533219;S
20240209;100602;7223.000000000;8;9581533220;S
20240209;100602;7222.500000000;1;9581533221;S
20240209;100602;7222.500000000;42;9581533222;S
20240209;100602;7222.500000000;29;9581533223;S
20240209;100602;7222.500000000;42;9581533224;S
20240209;100602;7222.500000000;10;9581533225;S
20240209;100602;7222.000000000;2;9581533226;S
20240209;100602;7223.500000000;2;9581533247;B
20240209;100603;7222.000000000;141;9581533288;S
20240209;100604;7222.000000000;1;9581533564;S
20240209;100609;7222.000000000;6;9581535273;S
20240209;100611;7220.500000000;19;9581535757;S
20240209;100611;7220.500000000;1;9581535758;S
20240209;100611;7220.000000000;1;9581535759;S
20240209;100611;7220.000000000;10;9581535760;S
20240209;100611;7220.000000000;1;9581535761;S
20240209;100611;7220.000000000;6;9581535762;S
20240209;100611;7220.000000000;4;9581535763;S
20240209;100611;7220.000000000;1;9581535764;S
20240209;100611;7220.000000000;31;9581535765;S
20240209;100611;7220.000000000;14;9581535766;S
20240209;100611;7220.000000000;63;9581535767;S
20240209;100611;7220.000000000;10;9581535768;S
20240209;100611;7220.000000000;8;9581535897;B
20240209;100611;7220.000000000;6;9581535898;B
20240209;100611;7220.000000000;4;9581535908;B
20240209;100611;7220.500000000;2;9581535909;B
20240209;100611;7219.500000000;5;9581535983;S
20240209;100611;7219.500000000;1;9581535984;S
20240209;100611;7219.000000000;2;9581535985;S
20240209;100611;7219.000000000;7;9581535986;S
20240209;100611;7219.000000000;5;9581535987;S
20240209;100611;7220.000000000;10;9581536105;B
20240209;100611;7220.000000000;5;9581536106;B
20240209;100611;7220.500000000;35;9581536107;B
20240209;100612;7218.500000000;1;9581536541;S
20240209;100612;7218.500000000;6;9581536542;S
20240209;100612;7218.000000000;2;9581536555;S
20240209;100612;7218.000000000;64;9581536556;S
20240209;100612;7218.000000000;177;9581536557;S
20240209;100612;7218.000000000;1;9581536560;S
20240209;100612;7218.000000000;1;9581536561;S
20240209;100612;7218.000000000;205;9581536567;S
20240209;100612;7218.000000000;54;9581536569;S
20240209;100613;7218.000000000;2;9581536978;S
20240209;100613;7218.000000000;1;9581537394;S
20240209;100613;7218.000000000;4;9581537407;S
20240209;100613;7218.000000000;89;9581537553;S
20240209;100613;7217.500000000;1;9581537554;S
20240209;100613;7217.000000000;2;9581537557;S
20240209;100613;7216.500000000;20;9581537558;S
20240209;100613;7216.500000000;1;9581537559;S
20240209;100613;7216.000000000;1;9581537562;S
20240209;100613;7215.500000000;1;9581537569;S
20240209;100613;7215.000000000;1;9581537572;S
20240209;100613;7215.000000000;1;9581537573;S
20240209;100613;7215.000000000;1;9581537574;S
20240209;100613;7215.000000000;1;9581537575;S
20240209;100613;7215.000000000;1;9581537580;S
20240209;100613;7215.000000000;1;9581537581;S
20240209;100613;7215.000000000;1;9581537582;S
20240209;100613;7215.000000000;2;9581537583;S
20240209;100613;7214.500000000;1;9581537584;S
20240209;100613;7214.500000000;1;9581537585;S
20240209;100613;7214.500000000;1;9581537586;S
20240209;100613;7214.500000000;1;9581537587;S
20240209;100613;7215.000000000;10;9581537588;B
20240209;100614;7213.000000000;1;9581537748;S
20240209;100614;7213.000000000;2;9581537980;S
20240209;100614;7213.000000000;3;9581537981;S
20240209;100614;7215.000000000;1;9581537984;B
20240209;100614;7215.000000000;9;9581537994;B
20240209;100614;7215.500000000;4;9581537995;B
20240209;100614;7215.000000000;1;9581538069;B
20240209;100614;7213.000000000;8;9581538098;S
20240209;100614;7213.000000000;2;9581538099;S
20240209;100614;7214.000000000;10;9581538293;B
20240209;100614;7214.000000000;42;9581538294;B
20240209;100614;7214.000000000;8;9581538295;B
20240209;100614;7214.500000000;89;9581538296;B
20240209;100614;7215.000000000;5;9581538306;S
20240209;100614;7215.000000000;26;9581538315;S
20240209;100614;7215.000000000;1;9581538371;S
20240209;100615;7215.000000000;4;9581538432;S
20240209;100615;7215.000000000;1;9581538443;S
20240209;100615;7215.000000000;7;9581538469;S
20240209;100615;7215.000000000;30;9581538518;S
20240209;100615;7215.000000000;2;9581538566;S
20240209;100615;7215.500000000;1;9581538568;B
20240209;100615;7215.500000000;1;9581538586;B
20240209;100615;7215.000000000;1;9581538669;S
20240209;100615;7215.000000000;3;9581538705;S
20240209;100615;7215.500000000;3;9581538737;B
20240209;100615;7215.500000000;5;9581538787;B
20240209;100616;7215.500000000;4;9581539123;B
20240209;100616;7215.000000000;50;9581539212;S
20240209;100617;7215.000000000;201;9581539675;S
20240209;100617;7215.000000000;10;9581539676;S
20240209;100617;7215.000000000;10;9581539677;S
20240209;100617;7215.000000000;10;9581539678;S
20240209;100617;7214.500000000;8;9581539679;S
20240209;100617;7214.000000000;1;9581539680;S
20240209;100617;7214.000000000;10;9581539681;S
20240209;100617;7212.000000000;1;9581539682;S
20240209;100617;7212.000000000;50;9581539683;S
20240209;100617;7211.500000000;15;9581539684;S
20240209;100617;7211.000000000;1;9581539685;S
20240209;100617;7211.000000000;10;9581539686;S
20240209;100617;7210.500000000;100;9581539687;S
20240209;100617;7210.500000000;11;9581539688;S
20240209;100617;7210.500000000;17;9581539689;S
20240209;100617;7210.000000000;1;9581539690;S
20240209;100617;7210.000000000;1;9581539691;S
20240209;100617;7210.000000000;1;9581539692;S
20240209;100617;7210.000000000;1;9581539693;S
20240209;100617;7210.000000000;1;9581539694;S
20240209;100617;7210.000000000;40;9581539695;S
20240209;100617;7210.500000000;10;9581539696;S
20240209;100617;7210.000000000;37;9581539697;S
20240209;100617;7210.500000000;8;9581539775;S
20240209;100618;7211.000000000;1;9581540006;B
20240209;100618;7210.000000000;2;9581540019;S
20240209;100618;7210.000000000;1;9581540025;S
20240209;100618;7210.000000000;3;9581540061;S
20240209;100619;7210.500000000;1;9581540698;B
20240209;100620;7210.000000000;4;9581540926;S
20240209;100620;7210.000000000;45;9581541382;S
20240209;100623;7210.000000000;3;9581542466;S
20240209;100625;7210.000000000;2;9581543259;S
20240209;100627;7210.500000000;1;9581544213;B
20240209;100627;7210.500000000;66;9581544214;B
20240209;100627;7210.000000000;2;9581544490;S
20240209;100628;7210.000000000;11;9581544962;S
20240209;100628;7210.000000000;9;9581544963;S
20240209;100628;7210.500000000;59;9581545038;B
20240209;100628;7210.500000000;8;9581545039;B
20240209;100628;7210.500000000;10;9581545040;B
20240209;100628;7210.500000000;2;9581545041;B
20240209;100628;7210.000000000;5;9581545285;S
20240209;100628;7211.000000000;2;9581545358;B
20240209;100628;7211.000000000;3;9581545359;B
20240209;100630;7210.500000000;7;9581546256;S
20240209;100631;7211.000000000;2;9581546373;B
20240209;100631;7213.000000000;1;9581546560;B
20240209;100634;7214.500000000;1;9581547859;B
20240209;100635;7214.500000000;3;9581548096;B
20240209;100635;7214.500000000;9;9581548123;S
20240209;100635;7214.500000000;4;9581548124;S
20240209;100635;7215.500000000;1;9581548244;B
20240209;100636;7214.500000000;6;9581548269;S
20240209;100636;7214.000000000;3;9581548270;S
20240209;100636;7213.500000000;42;9581548271;B
20240209;100636;7213.500000000;89;9581548272;B
20240209;100636;7215.500000000;21;9581548310;B
20240209;100638;7216.000000000;4;9581548897;B
20240209;100638;7215.500000000;10;9581548937;S
20240209;100638;7215.500000000;5;9581548938;S
20240209;100638;7216.000000000;196;9581548984;B
20240209;100640;7216.500000000;1;9581549260;S
20240209;100641;7216.000000000;1;9581549373;S
20240209;100641;7216.000000000;1;9581549395;S
20240209;100642;7217.500000000;4;9581549821;B
20240209;100642;7216.500000000;10;9581549902;S
20240209;100643;7217.000000000;2;9581550244;B
20240209;100645;7216.500000000;5;9581550939;S
20240209;100645;7214.500000000;9;9581550940;S
20240209;100645;7214.500000000;10;9581550941;S
20240209;100645;7213.500000000;6;9581550942;S
20240209;100646;7215.500000000;5;9581551002;S
20240209;100647;7216.000000000;6;9581551376;S
20240209;100647;7216.000000000;10;9581551377;S
20240209;100647;7215.500000000;9;9581551378;S
20240209;100647;7215.000000000;15;9581551379;S
20240209;100647;7214.500000000;42;9581551380;S
20240209;100647;7214.000000000;205;9581551381;S
20240209;100647;7214.000000000;15;9581551382;S
20240209;100647;7213.500000000;5;9581551383;S
20240209;100647;7213.000000000;11;9581551384;S
20240209;100647;7213.000000000;34;9581551385;S
20240209;100647;7212.500000000;11;9581551386;S
20240209;100647;7211.500000000;4;9581551387;S
20240209;100648;7214.000000000;10;9581551424;S
20240209;100648;7213.500000000;15;9581551425;S
20240209;100648;7213.500000000;9;9581551426;S
20240209;100648;7212.500000000;42;9581551427;S
20240209;100648;7212.000000000;24;9581551428;S
20240209;100648;7215.000000000;1;9581551523;S
20240209;100648;7213.500000000;10;9581551524;S
20240209;100648;7213.000000000;9;9581551525;S
20240209;100648;7212.500000000;15;9581551526;S
20240209;100648;7212.500000000;6;9581551527;S
20240209;100648;7212.000000000;4;9581551528;S
20240209;100652;7215.500000000;1;9581552287;B
20240209;100652;7212.500000000;2;9581552491;S
20240209;100653;7212.500000000;1;9581552571;S
20240209;100653;7212.000000000;1;9581552606;S
20240209;100653;7214.500000000;1;9581552608;B
20240209;100653;7212.000000000;1;9581552619;S
20240209;100653;7212.000000000;1;9581552686;S
20240209;100653;7212.000000000;3;9581552691;S
20240209;100654;7212.000000000;1;9581552724;S
20240209;100654;7212.000000000;1;9581552741;S
20240209;100654;7212.000000000;1;9581552785;S
20240209;100654;7212.000000000;4;9581552789;S
20240209;100655;7212.000000000;1;9581552947;S
20240209;100655;7212.000000000;73;9581553052;S
20240209;100655;7213.500000000;5;9581553061;B
20240209;100657;7212.000000000;7;9581553610;S
20240209;100657;7213.500000000;2;9581553669;B
20240209;100658;7212.500000000;10;9581553947;S
20240209;100659;7213.500000000;10;9581553978;B
20240209;100700;7214.000000000;14;9581554311;B
20240209;100700;7215.000000000;9;9581554457;B
20240209;100700;7215.000000000;1;9581554458;B
20240209;100700;7213.500000000;14;9581554642;S
20240209;100700;7213.500000000;9;9581554643;S
20240209;100700;7213.500000000;7;9581554644;S
20240209;100702;7213.500000000;3;9581555324;S
20240209;100702;7213.500000000;7;9581555325;S
20240209;100702;7215.000000000;10;9581555389;B
20240209;100702;7215.500000000;9;9581555390;B
20240209;100702;7215.500000000;3;9581555391;B
20240209;100703;7216.500000000;9;9581555568;B
20240209;100704;7215.500000000;5;9581555865;S
20240209;100704;7215.000000000;5;9581555866;S
20240209;100705;7217.000000000;20;9581555879;B
20240209;100708;7217.000000000;3;9581556695;B
20240209;100708;7218.500000000;11;9581556697;B
20240209;100708;7218.500000000;9;9581556698;B
20240209;100708;7219.000000000;11;9581556736;B
20240209;100708;7219.500000000;11;9581556737;B
20240209;100708;7219.500000000;3;9581556738;B
20240209;100708;7220.000000000;3;9581556756;B
20240209;100708;7220.000000000;1;9581556757;B
20240209;100709;7220.000000000;1;9581556821;B
20240209;100709;7219.000000000;1;9581556842;S
20240209;100710;7219.500000000;16;9581556979;S
20240209;100710;7219.500000000;1;9581556980;S
20240209;100710;7219.500000000;10;9581556998;B
20240209;100710;7219.500000000;50;9581556999;B
20240209;100710;7219.500000000;60;9581557000;B
20240209;100710;7220.000000000;13;9581557001;B
20240209;100710;7220.000000000;14;9581557002;B
20240209;100710;7220.000000000;28;9581557003;B
20240209;100711;7221.500000000;14;9581557155;S
20240209;100712;7221.000000000;4;9581557412;S
20240209;100713;7221.000000000;1;9581557675;B
20240209;100713;7221.500000000;4;9581557676;B
20240209;100715;7220.500000000;4;9581558001;S
20240209;100716;7218.500000000;1;9581558122;S
20240209;100716;7217.000000000;10;9581558252;B
20240209;100716;7217.500000000;2;9581558253;B
20240209;100717;7218.000000000;10;9581558463;B
20240209;100717;7218.000000000;8;9581558464;B
20240209;100717;7218.500000000;50;9581558465;B
20240209;100717;7219.000000000;50;9581558466;B
20240209;100717;7219.500000000;50;9581558467;B
20240209;100717;7219.500000000;32;9581558468;B
20240209;100721;7220.000000000;1;9581559142;B
20240209;100721;7220.000000000;13;9581559144;B
20240209;100721;7220.500000000;8;9581559180;B
20240209;100721;7221.000000000;1;9581559181;B
20240209;100721;7221.000000000;1;9581559182;B
20240209;100722;7220.500000000;1;9581559271;S
20240209;100722;7221.000000000;1;9581559272;B
20240209;100722;7222.000000000;1;9581559273;B
20240209;100722;7222.000000000;1;9581559274;B
20240209;100722;7222.000000000;2;9581559275;B
20240209;100722;7221.500000000;10;9581559311;S
20240209;100722;7221.500000000;6;9581559312;S
20240209;100725;7222.000000000;1;9581559706;B
20240209;100725;7221.500000000;10;9581559800;S
20240209;100725;7221.000000000;8;9581559801;S
20240209;100725;7220.000000000;50;9581559802;S
20240209;100725;7220.000000000;3;9581559803;S
20240209;100725;7220.000000000;2;9581559804;B
20240209;100725;7220.000000000;36;9581559805;B
20240209;100725;7220.000000000;41;9581559806;B
20240209;100725;7220.500000000;1;9581559819;S
20240209;100726;7222.000000000;1;9581559898;B
20240209;100726;7222.000000000;1;9581559928;B
20240209;100726;7222.000000000;1;9581559963;B
20240209;100727;7222.000000000;4;9581560136;B
20240209;100727;7222.000000000;1;9581560137;B
20240209;100731;7222.000000000;9;9581560881;B
20240209;100731;7222.000000000;5;9581560882;B
20240209;100731;7222.000000000;6;9581560883;B
20240209;100732;7222.000000000;4;9581561099;B
20240209;100732;7222.000000000;5;9581561103;S
20240209;100735;7225.000000000;5;9581561731;B
20240209;100738;7223.000000000;5;9581562578;S
20240209;100738;7223.000000000;4;9581562597;S
20240209;100739;7224.000000000;6;9581562920;S
20240209;100741;7223.500000000;8;9581563674;S
20240209;100741;7223.000000000;50;9581563675;S
20240209;100741;7223.000000000;10;9581563676;S
20240209;100741;7221.500000000;42;9581563677;S
20240209;100741;7221.000000000;50;9581563678;S
20240209;100741;7221.000000000;15;9581563679;S
20240209;100741;7220.500000000;50;9581563680;S
20240209;100741;7220.000000000;50;9581563681;S
20240209;100741;7219.500000000;25;9581563682;S
20240209;100746;7221.500000000;1;9581564788;B
20240209;100748;7221.500000000;5;9581565145;B
20240209;100749;7221.500000000;4;9581565243;B
20240209;100749;7220.000000000;2;9581565312;S
20240209;100750;7220.000000000;2;9581565541;S
20240209;100754;7222.000000000;8;9581566121;B
20240209;100754;7222.000000000;6;9581566122;B
20240209;100754;7222.000000000;25;9581566123;B
20240209;100754;7222.000000000;1;9581566124;B
20240209;100754;7222.000000000;6;9581566125;B
20240209;100754;7222.000000000;60;9581566126;B
20240209;100756;7223.000000000;1;9581566489;B
20240209;100800;7222.500000000;1;9581567085;S
20240209;100801;7222.500000000;5;9581567122;S
20240209;100801;7220.500000000;2;9581567203;B
20240209;100802;7218.500000000;8;9581567267;S
20240209;100802;7220.500000000;5;9581567275;B
20240209;100804;7218.500000000;5;9581567583;S
20240209;100805;7220.500000000;1;9581567727;B
20240209;100805;7220.500000000;1;9581567762;B
20240209;100809;7222.500000000;7;9581568320;S
20240209;100811;7223.000000000;2;9581568836;B
20240209;100813;7223.500000000;50;9581569137;S
20240209;100813;7223.500000000;8;9581569138;S
20240209;100813;7223.500000000;1;9581569139;S
20240209;100813;7223.000000000;10;9581569140;S
20240209;100813;7223.000000000;1;9581569141;S
20240209;100813;7222.500000000;11;9581569142;S
20240209;100813;7222.500000000;2;9581569246;S
20240209;100814;7223.500000000;10;9581569380;B
20240209;100814;7224.000000000;2;9581569381;B
20240209;100814;7224.000000000;8;9581569382;B
20240209;100814;7224.000000000;50;9581569383;B
20240209;100814;7224.500000000;50;9581569384;B
20240209;100814;7225.000000000;10;9581569385;B
20240209;100814;7225.000000000;1;9581569386;B
20240209;100814;7225.000000000;19;9581569387;B
20240209;100815;7224.500000000;5;9581569536;B
20240209;100815;7223.000000000;15;9581569554;S
20240209;100816;7223.000000000;10;9581569567;S
20240209;100820;7225.000000000;5;9581570086;B
20240209;100820;7225.000000000;1;9581570140;B
20240209;100822;7225.000000000;9;9581570422;B
20240209;100823;7225.500000000;1;9581570518;S
20240209;100825;7224.500000000;3;9581570979;S
20240209;100827;7224.000000000;1;9581571104;S
20240209;100827;7224.000000000;1;9581571105;S
20240209;100827;7223.500000000;9;9581571107;S
20240209;100827;7223.500000000;6;9581571108;S
20240209;100827;7223.500000000;45;9581571242;S
20240209;100827;7223.000000000;8;9581571243;S
20240209;100827;7221.500000000;34;9581571244;S
20240209;100827;7221.500000000;10;9581571245;S
20240209;100827;7220.000000000;3;9581571246;S
20240209;100829;7223.000000000;4;9581571464;B
20240209;100830;7223.000000000;1;9581571695;B
20240209;100830;7223.000000000;1;9581571700;B
20240209;100830;7223.000000000;1;9581571761;B
20240209;100831;7223.000000000;1;9581571853;B
20240209;100831;7223.000000000;2;9581571866;B
20240209;100831;7223.000000000;1;9581571867;B
20240209;100831;7223.000000000;1;9581571945;B
20240209;100837;7223.000000000;7;9581572719;B
20240209;100838;7223.000000000;51;9581572868;B
20240209;100838;7223.000000000;10;9581572869;B
20240209;100838;7223.500000000;8;9581572870;B
20240209;100838;7224.500000000;31;9581572871;B
20240209;100840;7223.500000000;17;9581573306;S
20240209;100842;7224.500000000;5;9581573605;B
20240209;100842;7222.500000000;1;9581573654;S
20240209;100843;7223.000000000;1;9581573729;B
20240209;100845;7223.000000000;1;9581573992;B
20240209;100845;7224.000000000;5;9581573993;B
20240209;100847;7224.500000000;8;9581574226;B
20240209;100847;7222.500000000;4;9581574299;S
20240209;100850;7223.500000000;10;9581574685;B
20240209;100850;7223.500000000;50;9581574686;B
20240209;100855;7222.500000000;4;9581575587;B
20240209;100857;7222.500000000;5;9581575846;B
20240209;100907;7222.500000000;1;9581577080;B
20240209;100909;7222.500000000;1;9581577353;B
20240209;100909;7222.500000000;1;9581577354;B
20240209;100909;7223.500000000;3;9581577355;B
20240209;100910;7222.500000000;1;9581577547;B
20240209;100916;7222.000000000;1;9581578300;S
20240209;100917;7222.500000000;5;9581578323;B
20240209;100918;7222.500000000;5;9581578440;B
20240209;100920;7221.500000000;1;9581578809;S
20240209;100922;7222.000000000;3;9581579126;B
20240209;100922;7222.000000000;2;9581579127;B
20240209;100924;7222.000000000;1;9581579393;B
20240209;100926;7222.000000000;8;9581579575;B
20240209;100926;7222.500000000;1;9581579668;B
20240209;100928;7223.000000000;1;9581579938;B
20240209;100928;7223.500000000;1;9581579951;B
20240209;100928;7223.500000000;2;9581579952;B
20240209;100928;7223.500000000;23;9581579953;B
20240209;100928;7223.500000000;2;9581579954;B
20240209;100928;7223.500000000;2;9581579967;B
20240209;100929;7223.500000000;3;9581579994;B
20240209;100929;7223.500000000;2;9581580019;B
20240209;100929;7223.500000000;3;9581580051;B
20240209;100932;7223.500000000;4;9581580467;B
20240209;100932;7223.500000000;31;9581580468;B
20240209;100932;7224.000000000;2;9581580472;B
20240209;100932;7224.000000000;29;9581580473;B
20240209;100935;7224.000000000;5;9581580879;B
20240209;100935;7224.000000000;4;9581580910;B
20240209;100937;7223.500000000;5;9581581115;S
20240209;100937;7224.000000000;5;9581581116;B
20240209;100937;7223.000000000;10;9581581165;S
20240209;100939;7224.000000000;1;9581581297;B
20240209;100939;7224.000000000;4;9581581328;B
20240209;100939;7224.000000000;52;9581581407;B
20240209;100939;7224.000000000;14;9581581448;B
20240209;100939;7224.000000000;3;9581581456;B
20240209;100940;7224.000000000;2;9581581504;B
20240209;100940;7224.000000000;2;9581581555;B
20240209;100940;7224.000000000;7;9581581565;B
20240209;100941;7224.000000000;1;9581581603;B
20240209;100941;7224.000000000;1;9581581624;B
20240209;100941;7224.000000000;1;9581581638;B
20240209;100941;7223.500000000;13;9581581639;S
20240209;100942;7224.000000000;1;9581581743;B
20240209;100942;7223.500000000;21;9581581835;S
20240209;100943;7224.000000000;1;9581581946;B
20240209;100943;7223.500000000;1;9581581966;S
20240209;100945;7224.000000000;1;9581582161;B
20240209;100945;7224.000000000;1;9581582162;B
20240209;100946;7224.000000000;1;9581582378;B
20240209;100949;7224.000000000;5;9581582668;B
20240209;100949;7224.000000000;3;9581582686;B
20240209;100950;7224.000000000;1;9581582909;B
20240209;100951;7223.000000000;3;9581583090;S
20240209;101002;7223.500000000;4;9581584604;B
20240209;101005;7223.000000000;1;9581585002;S
20240209;101005;7223.000000000;1;9581585003;S
20240209;101005;7222.500000000;8;9581585004;S
20240209;101009;7223.000000000;1;9581585546;B
20240209;101009;7223.500000000;2;9581585547;B
20240209;101010;7223.000000000;1;9581585729;B
20240209;101013;7223.000000000;1;9581586100;B
20240209;101013;7223.000000000;5;9581586145;B
20240209;101014;7222.500000000;2;9581586173;S
20240209;101014;7222.500000000;32;9581586240;S
20240209;101014;7222.500000000;9;9581586241;S
20240209;101014;7222.000000000;18;9581586242;S
20240209;101014;7222.000000000;1;9581586243;S
20240209;101014;7222.000000000;6;9581586244;S
20240209;101014;7222.000000000;10;9581586245;S
20240209;101014;7221.500000000;19;9581586246;S
20240209;101014;7221.000000000;1;9581586247;S
20240209;101014;7220.500000000;1;9581586248;S
20240209;101014;7220.500000000;7;9581586249;S
20240209;101016;7222.000000000;5;9581586571;B
20240209;101022;7223.000000000;9;9581588011;B
20240209;101024;7223.000000000;5;9581588293;B
20240209;101029;7222.000000000;1;9581588960;S
20240209;101029;7222.000000000;1;9581588961;S
20240209;101029;7223.000000000;5;9581589009;B
20240209;101030;7221.500000000;34;9581589313;S
20240209;101030;7221.000000000;8;9581589314;S
20240209;101030;7221.000000000;10;9581589315;S
20240209;101030;7220.500000000;1;9581589316;S
20240209;101030;7220.500000000;42;9581589317;S
20240209;101030;7220.000000000;5;9581589318;S
20240209;101030;7220.000000000;5;9581589319;S
20240209;101030;7220.000000000;5;9581589320;S
20240209;101030;7220.000000000;5;9581589321;S
20240209;101030;7220.000000000;10;9581589322;S
20240209;101030;7220.000000000;2;9581589323;S
20240209;101030;7220.000000000;13;9581589324;S
20240209;101030;7220.000000000;8;9581589325;B
20240209;101030;7220.000000000;35;9581589326;B
20240209;101030;7220.000000000;37;9581589327;B
20240209;101030;7220.000000000;13;9581589328;B
20240209;101030;7221.000000000;1;9581589332;S
20240209;101031;7220.500000000;1;9581589359;S
20240209;101031;7220.500000000;1;9581589373;S
20240209;101031;7220.500000000;3;9581589445;S
20240209;101032;7219.500000000;19;9581589535;S
20240209;101032;7219.500000000;1;9581589587;S
20240209;101032;7219.500000000;3;9581589597;S
20240209;101032;7219.500000000;1;9581589609;S
20240209;101032;7219.500000000;1;9581589624;S
20240209;101032;7220.000000000;2;9581589643;S
20240209;101034;7221.000000000;1;9581589867;B
20240209;101035;7221.000000000;3;9581590003;B
20240209;101041;7221.500000000;5;9581591062;B
20240209;101042;7220.000000000;1;9581591077;S
20240209;101042;7219.500000000;23;9581591078;S
20240209;101042;7220.000000000;4;9581591170;B
20240209;101045;7220.000000000;2;9581591637;B
20240209;101045;7220.000000000;2;9581591651;B
20240209;101048;7219.500000000;3;9581592023;S
20240209;101053;7220.000000000;2;9581593169;B
20240209;101053;7220.000000000;5;9581593170;B
20240209;101053;7220.000000000;2;9581593234;B
20240209;101053;7219.500000000;2;9581593239;S
20240209;101054;7219.500000000;10;9581593431;S
20240209;101054;7219.500000000;10;9581593432;S
20240209;101054;7219.500000000;2;9581593458;B
20240209;101055;7219.500000000;23;9581593507;B
20240209;101055;7219.500000000;2;9581593529;B
20240209;101055;7219.500000000;5;9581593545;B
20240209;101055;7219.500000000;42;9581593687;B
20240209;101056;7219.500000000;5;9581593740;B
20240209;101056;7219.000000000;3;9581593825;S
20240209;101056;7219.500000000;5;9581593911;B
20240209;101059;7219.500000000;25;9581594236;S
20240209;101100;7219.000000000;4;9581594404;S
20240209;101100;7219.000000000;1;9581594421;S
20240209;101100;7219.000000000;5;9581594422;S
20240209;101100;7219.000000000;9;9581594441;S
20240209;101101;7219.000000000;4;9581594591;S
20240209;101102;7219.500000000;5;9581594795;B
20240209;101103;7219.000000000;11;9581594927;S
20240209;101103;7218.000000000;8;9581594928;S
20240209;101103;7217.000000000;1;9581594929;S
20240209;101103;7217.000000000;3;9581594930;S
20240209;101103;7217.000000000;50;9581594931;S
20240209;101103;7216.500000000;1;9581594932;S
20240209;101103;7216.500000000;11;9581594933;S
20240209;101103;7216.500000000;10;9581594934;S
20240209;101103;7216.000000000;5;9581594935;S
20240209;101104;7217.000000000;1;9581595092;B
20240209;101106;7216.000000000;4;9581595259;S
20240209;101106;7217.000000000;1;9581595296;B
20240209;101109;7217.000000000;5;9581595770;B
20240209;101110;7217.000000000;3;9581595889;B
20240209;101110;7217.000000000;8;9581595890;B
20240209;101111;7217.500000000;3;9581596090;B
20240209;101114;7217.000000000;10;9581596528;S
20240209;101115;7217.500000000;7;9581596554;B
20240209;101115;7217.500000000;77;9581596555;B
20240209;101115;7217.500000000;15;9581596702;B
20240209;101116;7217.000000000;9;9581596774;S
20240209;101117;7216.500000000;1;9581596873;S
20240209;101118;7216.500000000;7;9581596914;S
20240209;101118;7216.500000000;10;9581596915;S
20240209;101118;7216.000000000;3;9581596916;S
20240209;101118;7217.000000000;1;9581597086;B
20240209;101121;7217.500000000;5;9581597515;B
20240209;101122;7217.000000000;1;9581597558;S
20240209;101122;7217.000000000;8;9581597559;S
20240209;101122;7216.500000000;10;9581597560;S
20240209;101122;7216.000000000;3;9581597561;S
20240209;101122;7215.500000000;28;9581597562;S
20240209;101122;7216.500000000;4;9581597632;B
20240209;101124;7216.000000000;1;9581597878;S
20240209;101124;7216.000000000;1;9581597900;S
20240209;101124;7216.000000000;1;9581597908;S
20240209;101124;7216.000000000;3;9581597959;S
20240209;101127;7217.000000000;2;9581598362;B
20240209;101129;7216.000000000;1;9581598632;S
20240209;101133;7217.500000000;42;9581599283;B
20240209;101133;7219.500000000;5;9581599289;S
20240209;101134;7219.000000000;14;9581599423;S
20240209;101134;7220.000000000;2;9581599427;B
20240209;101135;7220.000000000;2;9581599445;B
20240209;101136;7220.000000000;1;9581599641;B
20240209;101136;7220.000000000;1;9581599642;B
20240209;101136;7220.000000000;3;9581599643;B
20240209;101137;7218.000000000;10;9581599873;S
20240209;101137;7217.500000000;8;9581599874;S
20240209;101137;7217.000000000;2;9581599875;S
20240209;101137;7217.000000000;2;9581599899;S
20240209;101142;7217.500000000;50;9581600535;S
20240209;101145;7217.000000000;56;9581600848;S
20240209;101145;7216.500000000;34;9581600849;S
20240209;101145;7216.500000000;1;9581600850;S
20240209;101145;7216.500000000;9;9581600851;S
20240209;101145;7216.000000000;1;9581600920;S
20240209;101145;7216.000000000;1;9581600921;S
20240209;101145;7215.500000000;7;9581600922;S
20240209;101145;7215.500000000;31;9581600923;S
20240209;101146;7217.000000000;1;9581601013;B
20240209;101148;7217.000000000;8;9581601244;B
20240209;101148;7217.000000000;2;9581601245;B
20240209;101149;7217.000000000;4;9581601369;B
20240209;101153;7217.000000000;1;9581601990;B
20240209;101153;7219.000000000;1;9581602069;B
20240209;101154;7218.500000000;4;9581602104;S
20240209;101202;7220.000000000;5;9581603390;B
20240209;101205;7219.000000000;8;9581603852;S
20240209;101205;7218.500000000;24;9581603853;B
20240209;101205;7218.500000000;20;9581603854;B
20240209;101210;7218.500000000;8;9581604686;S
20240209;101210;7218.000000000;12;9581604687;S
20240209;101212;7219.500000000;5;9581605003;B
20240209;101212;7218.500000000;2;9581605005;S
20240209;101215;7218.000000000;1;9581605452;S
20240209;101216;7219.500000000;5;9581605608;B
20240209;101217;7219.500000000;5;9581605807;B
20240209;101217;7219.500000000;50;9581605808;B
20240209;101217;7219.500000000;42;9581605809;B
20240209;101217;7220.000000000;23;9581605810;B
20240209;101217;7220.000000000;6;9581605811;B
20240209;101218;7219.500000000;2;9581605892;B
20240209;101218;7219.500000000;1;9581605924;B
20240209;101218;7220.000000000;1;9581605934;B
20240209;101220;7218.000000000;1;9581606058;S
20240209;101223;7218.500000000;3;9581606589;S
20240209;101223;7219.500000000;10;9581606606;B
20240209;101224;7219.000000000;6;9581606724;S
20240209;101229;7220.000000000;3;9581607344;B
20240209;101229;7220.000000000;1;9581607345;B
20240209;101229;7220.000000000;1;9581607347;B
20240209;101230;7220.000000000;1;9581607485;B
20240209;101230;7220.000000000;3;9581607526;B
20240209;101230;7220.000000000;7;9581607527;B
20240209;101230;7220.000000000;59;9581607588;B
20240209;101231;7220.000000000;1;9581607651;B
20240209;101232;7219.500000000;1;9581607797;S
20240209;101232;7219.500000000;8;9581607798;S
20240209;101232;7219.500000000;1;9581607799;S
20240209;101233;7219.500000000;3;9581607939;S
20240209;101235;7220.000000000;11;9581608106;B
20240209;101237;7220.000000000;9;9581608315;B
20240209;101239;7220.000000000;2;9581608532;B
20240209;101242;7220.000000000;5;9581608932;B
20240209;101242;7220.000000000;1;9581608933;B
20240209;101243;7220.000000000;19;9581608975;B
20240209;101243;7220.000000000;5;9581608976;B
20240209;101243;7220.000000000;40;9581608977;B
20240209;101243;7220.500000000;20;9581608979;B
20240209;101243;7221.500000000;4;9581608983;B
20240209;101243;7222.000000000;1;9581608984;B
20240209;101243;7222.000000000;1;9581608985;B
20240209;101243;7222.000000000;5;9581608986;B
20240209;101243;7222.500000000;34;9581609083;B
20240209;101245;7223.000000000;2;9581609272;B
20240209;101245;7223.000000000;1;9581609328;B
20240209;101246;7223.000000000;8;9581609421;S
20240209;101246;7223.000000000;2;9581609422;S
20240209;101251;7223.000000000;1;9581610048;S
20240209;101251;7223.500000000;6;9581610065;B
20240209;101253;7223.000000000;1;9581610287;S
20240209;101255;7223.500000000;9;9581610484;B
20240209;101256;7223.500000000;4;9581610661;B
20240209;101257;7223.000000000;1;9581610755;S
20240209;101257;7223.000000000;7;9581610772;S
20240209;101257;7223.000000000;6;9581610773;S
20240209;101257;7223.000000000;4;9581610776;B
20240209;101257;7222.500000000;2;9581610884;S
20240209;101302;7223.000000000;1;9581611476;B
20240209;101303;7223.000000000;1;9581611589;B
20240209;101305;7223.000000000;1;9581611729;B
20240209;101308;7223.000000000;4;9581612102;B
20240209;101309;7223.000000000;5;9581612207;B
20240209;101312;7223.000000000;2;9581612534;B
20240209;101312;7223.000000000;3;9581612547;B
20240209;101314;7223.000000000;39;9581612689;B
20240209;101314;7223.000000000;1;9581612690;B
20240209;101314;7223.000000000;5;9581612691;B
20240209;101314;7223.500000000;25;9581612692;B
20240209;101314;7223.500000000;20;9581612693;B
20240209;101314;7223.500000000;5;9581612694;B
20240209;101314;7223.500000000;1;9581612695;B
20240209;101314;7223.500000000;8;9581612696;B
20240209;101314;7224.000000000;105;9581612697;B
20240209;101314;7224.000000000;1;9581612698;B
20240209;101314;7224.000000000;90;9581612699;B
20240209;101314;7224.000000000;2;9581612754;B
20240209;101314;7224.000000000;108;9581612755;B
20240209;101314;7224.500000000;13;9581612757;B
20240209;101314;7224.500000000;30;9581612758;B
20240209;101314;7225.000000000;18;9581612759;B
20240209;101314;7225.000000000;5;9581612760;B
20240209;101314;7225.000000000;4;9581612761;B
20240209;101314;7225.000000000;1;9581612762;B
20240209;101314;7225.000000000;2;9581612763;B
20240209;101314;7225.000000000;7;9581612764;B
20240209;101314;7225.000000000;20;9581612765;B
20240209;101314;7226.000000000;6;9581612766;B
20240209;101316;7227.500000000;2;9581613021;B
20240209;101316;7227.500000000;8;9581613032;S
20240209;101316;7227.500000000;5;9581613033;S
20240209;101317;7228.000000000;1;9581613204;B
20240209;101321;7227.500000000;1;9581613596;S
20240209;101322;7228.000000000;3;9581613678;B
20240209;101323;7228.000000000;5;9581613790;B
20240209;101324;7228.000000000;1;9581614027;B
20240209;101325;7228.000000000;2;9581614200;B
20240209;101325;7228.500000000;8;9581614201;B
20240209;101325;7229.000000000;1;9581614202;B
20240209;101325;7229.000000000;10;9581614203;B
20240209;101325;7229.000000000;2;9581614204;B
20240209;101325;7229.000000000;11;9581614205;B
20240209;101325;7229.500000000;15;9581614206;B
20240209;101325;7229.500000000;11;9581614207;B
20240209;101329;7230.000000000;5;9581614731;B
20240209;101329;7230.000000000;1;9581614732;B
20240209;101336;7230.000000000;1;9581615654;B
20240209;101336;7230.000000000;6;9581615655;B
20240209;101336;7230.000000000;1;9581615656;B
20240209;101336;7230.000000000;4;9581615657;B
20240209;101336;7230.000000000;1;9581615658;B
20240209;101336;7230.000000000;1;9581615659;B
20240209;101336;7230.000000000;3;9581615660;B
20240209;101336;7230.000000000;4;9581615722;B
20240209;101336;7230.000000000;1;9581615736;B
20240209;101336;7230.000000000;1;9581615737;B
20240209;101336;7230.500000000;3;9581615738;B
20240209;101338;7231.500000000;2;9581616093;S
20240209;101340;7232.000000000;6;9581616504;B
20240209;101340;7231.500000000;8;9581616524;S
20240209;101340;7231.500000000;6;9581616525;S
20240209;101340;7231.500000000;42;9581616526;S
20240209;101340;7231.500000000;50;9581616527;S
20240209;101340;7231.500000000;17;9581616528;S
20240209;101340;7231.500000000;2;9581616529;S
20240209;101340;7231.000000000;25;9581616530;S
20240209;101343;7231.500000000;3;9581617026;B
20240209;101345;7230.000000000;2;9581617382;S
20240209;101345;7229.500000000;10;9581617504;S
20240209;101347;7230.000000000;1;9581617819;B
20240209;101347;7229.500000000;2;9581617830;S
20240209;101349;7231.000000000;5;9581618128;B
20240209;101350;7231.000000000;1;9581618160;B
20240209;101351;7231.000000000;1;9581618421;B
20240209;101352;7230.500000000;2;9581618735;S
20240209;101353;7230.500000000;1;9581618845;S
20240209;101353;7230.500000000;2;9581618846;S
20240209;101355;7230.500000000;5;9581619101;S
20240209;101400;7231.000000000;3;9581619772;B
20240209;101401;7231.500000000;8;9581619865;B
20240209;101401;7232.000000000;2;9581619866;B
20240209;101401;7233.500000000;47;9581619972;B
20240209;101403;7233.500000000;3;9581620140;B
20240209;101403;7234.000000000;1;9581620141;B
20240209;101403;7234.000000000;1;9581620142;B
20240209;101406;7233.500000000;1;9581620744;B
20240209;101408;7234.000000000;7;9581621033;B
20240209;101408;7234.000000000;7;9581621034;B
20240209;101410;7233.000000000;10;9581621360;S
20240209;101410;7233.000000000;12;9581621361;S
20240209;101410;7233.000000000;1;9581621362;S
20240209;101410;7233.000000000;5;9581621363;S
20240209;101413;7232.500000000;50;9581621806;B
20240209;101414;7233.500000000;1;9581622080;B
20240209;101414;7233.500000000;8;9581622081;B
20240209;101416;7234.000000000;4;9581622361;B
20240209;101416;7234.000000000;1;9581622460;B
20240209;101421;7234.000000000;1;9581623062;B
20240209;101429;7234.000000000;5;9581624209;B
20240209;101430;7234.000000000;1;9581624271;B
20240209;101431;7234.000000000;1;9581624341;B
20240209;101433;7234.000000000;42;9581624694;B
20240209;101433;7234.000000000;10;9581624695;B
20240209;101433;7234.000000000;2;9581624696;B
20240209;101433;7234.500000000;58;9581624697;B
20240209;101433;7234.500000000;50;9581624698;B
20240209;101433;7234.500000000;8;9581624699;B
20240209;101433;7234.500000000;9;9581624700;B
20240209;101433;7234.500000000;60;9581624701;B
20240209;101433;7234.500000000;15;9581624702;B
20240209;101433;7235.000000000;46;9581624703;B
20240209;101438;7233.500000000;4;9581625256;S
20240209;101438;7234.500000000;10;9581625331;B
20240209;101438;7234.500000000;30;9581625332;B
20240209;101443;7234.000000000;4;9581626089;B
20240209;101443;7233.500000000;2;9581626164;S
20240209;101443;7234.000000000;1;9581626210;B
20240209;101445;7233.500000000;5;9581626462;S
20240209;101447;7232.500000000;2;9581626843;S
20240209;101448;7233.000000000;1;9581627055;B
20240209;101450;7232.000000000;1;9581627407;S
20240209;101451;7231.500000000;3;9581627524;S
20240209;101453;7232.500000000;1;9581627783;B
20240209;101453;7232.000000000;1;9581627818;S
20240209;101453;7232.000000000;8;9581627824;S
20240209;101453;7232.000000000;7;9581627833;B
20240209;101454;7231.500000000;8;9581628015;S
20240209;101454;7231.500000000;20;9581628016;S
20240209;101454;7231.500000000;7;9581628017;S
20240209;101454;7231.000000000;1;9581628018;S
20240209;101454;7231.000000000;3;9581628019;S
20240209;101454;7231.000000000;42;9581628020;S
20240209;101455;7231.500000000;4;9581628135;B
20240209;101455;7230.500000000;21;9581628150;S
20240209;101456;7231.000000000;5;9581628334;B
20240209;101457;7231.000000000;1;9581628434;B
20240209;101457;7230.500000000;42;9581628479;S
20240209;101457;7230.500000000;10;9581628480;S
20240209;101457;7230.000000000;75;9581628481;S
20240209;101457;7230.000000000;7;9581628482;S
20240209;101457;7230.000000000;18;9581628485;S
20240209;101457;7230.000000000;1;9581628486;S
20240209;101457;7230.000000000;3;9581628487;S
20240209;101457;7229.500000000;28;9581628488;S
20240209;101457;7229.500000000;2;9581628489;S
20240209;101457;7229.500000000;1;9581628490;S
20240209;101457;7229.500000000;5;9581628491;S
20240209;101457;7229.000000000;8;9581628517;B
20240209;101457;7230.000000000;10;9581628518;B
20240209;101457;7230.000000000;82;9581628519;S
20240209;101457;7229.000000000;50;9581628532;B
20240209;101457;7229.000000000;10;9581628533;B
20240209;101457;7229.500000000;40;9581628534;B
20240209;101457;7230.000000000;8;9581628559;B
20240209;101457;7230.000000000;10;9581628560;B
20240209;101458;7230.500000000;1;9581628592;B
20240209;101458;7230.500000000;10;9581628637;B
20240209;101500;7230.000000000;82;9581628819;S
20240209;101500;7230.000000000;10;9581628846;B
20240209;101500;7230.000000000;9;9581628847;B
20240209;101500;7230.000000000;50;9581628848;B
20240209;101500;7230.000000000;31;9581628849;S
20240209;101500;7230.000000000;10;9581628884;B
20240209;101500;7230.000000000;50;9581628885;B
20240209;101501;7230.000000000;3;9581628969;S
20240209;101502;7230.500000000;1;9581629201;B
20240209;101502;7231.000000000;4;9581629202;B
20240209;101502;7230.500000000;9;9581629355;S
20240209;101502;7230.500000000;1;9581629374;S
20240209;101502;7230.000000000;6;9581629375;S
20240209;101504;7230.000000000;31;9581629722;S
20240209;101504;7230.000000000;10;9581629738;B
20240209;101504;7230.000000000;9;9581629739;B
20240209;101504;7230.000000000;50;9581629740;B
20240209;101504;7230.000000000;31;9581629741;S
20240209;101504;7230.500000000;10;9581629777;S
20240209;101505;7230.500000000;3;9581629894;B
20240209;101505;7230.000000000;100;9581630071;S
20240209;101506;7230.000000000;10;9581630108;B
20240209;101506;7230.000000000;70;9581630306;S
20240209;101507;7230.000000000;1;9581630593;S
20240209;101508;7230.000000000;1;9581630633;S
20240209;101508;7230.000000000;1;9581630818;S
20240209;101509;7230.500000000;5;9581631101;B
20240209;101510;7230.000000000;1;9581631233;S
20240209;101511;7230.500000000;187;9581631401;B
20240209;101511;7230.500000000;9;9581631402;B
20240209;101511;7230.500000000;3;9581631403;B
20240209;101511;7230.500000000;1;9581631404;S
20240209;101511;7230.500000000;10;9581631405;S
20240209;101511;7230.000000000;16;9581631406;S
20240209;101511;7230.000000000;100;9581631407;S
20240209;101511;7230.000000000;9;9581631408;S
20240209;101511;7230.000000000;3;9581631409;B
20240209;101511;7229.500000000;10;9581631437;B
20240209;101511;7230.000000000;66;9581631438;B
20240209;101511;7230.000000000;24;9581631439;S
20240209;101511;7230.000000000;49;9581631457;B
20240209;101513;7231.000000000;7;9581632091;B
20240209;101513;7231.000000000;7;9581632092;B
20240209;101515;7231.000000000;13;9581632616;B
20240209;101515;7231.500000000;7;9581632617;B
20240209;101515;7232.000000000;9;9581632637;S
20240209;101515;7232.000000000;10;9581632638;S
20240209;101515;7231.500000000;10;9581632686;S
20240209;101515;7231.000000000;6;9581632687;S
20240209;101518;7233.000000000;1;9581633156;B
20240209;101518;7233.000000000;1;9581633157;B
20240209;101518;7233.000000000;1;9581633158;B
20240209;101523;7233.500000000;1;9581634124;B
20240209;101523;7233.500000000;3;9581634125;B
20240209;101531;7232.000000000;1;9581635821;S
20240209;101532;7232.000000000;13;9581635946;S
20240209;101536;7233.000000000;5;9581636837;B
20240209;101537;7233.000000000;1;9581636938;B
20240209;101537;7231.500000000;1;9581636993;S
20240209;101537;7233.000000000;1;9581637046;B
20240209;101538;7233.000000000;1;9581637092;B
20240209;101538;7233.000000000;2;9581637127;B
20240209;101538;7233.000000000;1;9581637128;B
20240209;101540;7233.000000000;1;9581637596;B
20240209;101541;7232.000000000;1;9581637779;S
20240209;101541;7231.500000000;41;9581637780;S
20240209;101541;7231.500000000;9;9581637781;S
20240209;101541;7231.000000000;46;9581637782;S
20240209;101545;7231.500000000;4;9581638453;B
20240209;101545;7231.500000000;3;9581638558;B
20240209;101547;7231.500000000;4;9581639082;B
20240209;101547;7231.500000000;1;9581639115;B
20240209;101548;7232.000000000;1;9581639189;B
20240209;101548;7232.000000000;42;9581639242;S
20240209;101548;7232.000000000;10;9581639243;S
20240209;101548;7231.500000000;50;9581639244;S
20240209;101548;7231.500000000;9;9581639245;S
20240209;101549;7231.500000000;11;9581639478;B
20240209;101549;7232.000000000;8;9581639479;B
20240209;101549;7233.000000000;1;9581639480;B
20240209;101549;7233.000000000;10;9581639481;B
20240209;101549;7233.500000000;11;9581639482;B
20240209;101549;7233.000000000;13;9581639517;B
20240209;101549;7233.500000000;11;9581639518;B
20240209;101549;7234.000000000;1;9581639519;B
20240209;101549;7234.000000000;4;9581639577;B
20240209;101550;7233.500000000;1;9581639702;B
20240209;101555;7233.000000000;1;9581640630;S
20240209;101600;7233.500000000;1;9581641730;B
20240209;101603;7233.500000000;5;9581642142;B
20240209;101605;7234.000000000;6;9581642470;B
20240209;101605;7234.000000000;4;9581642471;B
20240209;101607;7232.500000000;2;9581642774;S
20240209;101609;7234.000000000;2;9581643270;B
20240209;101610;7234.000000000;3;9581643283;B
20240209;101611;7233.000000000;3;9581643641;S
20240209;101611;7234.000000000;1;9581643644;B
20240209;101612;7234.000000000;2;9581643890;B
20240209;101613;7234.000000000;1;9581644228;B
20240209;101616;7234.000000000;5;9581644927;B
20240209;101619;7234.000000000;2;9581645312;B
20240209;101621;7234.000000000;8;9581645693;B
20240209;101622;7233.000000000;31;9581646021;S
20240209;101622;7233.000000000;3;9581646022;S
20240209;101622;7233.000000000;8;9581646023;S
20240209;101622;7233.000000000;10;9581646024;S
20240209;101622;7233.000000000;11;9581646025;S
20240209;101622;7232.500000000;11;9581646026;S
20240209;101622;7232.000000000;22;9581646027;S
20240209;101622;7232.000000000;11;9581646028;S
20240209;101622;7231.500000000;3;9581646029;S
20240209;101622;7231.500000000;60;9581646030;S
20240209;101623;7233.000000000;2;9581646108;B
20240209;101626;7232.000000000;1;9581646682;S
20240209;101626;7232.000000000;1;9581646738;S
20240209;101627;7231.500000000;1;9581646842;S
20240209;101627;7232.000000000;3;9581646923;S
20240209;101630;7233.000000000;4;9581647332;B
20240209;101630;7231.500000000;3;9581647420;S
20240209;101632;7233.000000000;2;9581647822;B
20240209;101632;7231.500000000;1;9581647839;S
20240209;101635;7233.000000000;10;9581648197;B
20240209;101636;7232.000000000;7;9581648360;S
20240209;101641;7233.000000000;6;9581649280;B
20240209;101642;7233.500000000;3;9581649512;S
20240209;101642;7233.500000000;6;9581649513;S
20240209;101643;7233.000000000;5;9581649704;B
20240209;101645;7232.000000000;21;9581650103;S
20240209;101647;7233.000000000;2;9581650471;B
20240209;101648;7234.000000000;1;9581650520;B
20240209;101648;7234.000000000;2;9581650575;B
20240209;101648;7232.500000000;5;9581650602;S
20240209;101653;7232.000000000;1;9581651439;S
20240209;101653;7231.500000000;42;9581651440;S
20240209;101653;7231.000000000;4;9581651441;S
20240209;101653;7231.000000000;3;9581651442;S
20240209;101656;7233.500000000;4;9581652018;B
20240209;101657;7234.000000000;21;9581652223;B
20240209;101702;7233.500000000;1;9581652921;B
20240209;101702;7233.500000000;1;9581652965;B
20240209;101702;7234.000000000;1;9581652997;B
20240209;101702;7234.000000000;3;9581653025;B
20240209;101710;7234.000000000;5;9581654221;B
20240209;101711;7233.500000000;5;9581654481;B
20240209;101713;7233.000000000;1;9581654811;S
20240209;101717;7233.500000000;1;9581655305;B
20240209;101717;7233.500000000;3;9581655385;B
20240209;101719;7233.000000000;6;9581655570;S
20240209;101719;7233.000000000;2;9581655571;S
20240209;101720;7233.500000000;10;9581655732;S
20240209;101721;7233.500000000;2;9581655834;B
20240209;101723;7232.500000000;5;9581656175;B
20240209;101724;7232.000000000;1;9581656360;S
20240209;101724;7232.000000000;1;9581656397;S
20240209;101724;7232.000000000;1;9581656440;S
20240209;101724;7232.000000000;3;9581656483;S
20240209;101732;7232.500000000;5;9581657596;B
20240209;101732;7232.500000000;6;9581657665;B
20240209;101732;7232.500000000;4;9581657666;B
20240209;101734;7232.500000000;1;9581658072;B
20240209;101734;7232.000000000;5;9581658073;S
20240209;101734;7232.000000000;1;9581658179;S
20240209;101734;7232.500000000;1;9581658244;B
20240209;101736;7232.000000000;10;9581658755;S
20240209;101736;7232.500000000;4;9581658762;B
20240209;101741;7232.000000000;1;9581659596;S
20240209;101742;7232.500000000;1;9581659712;B
20240209;101742;7232.500000000;1;9581659789;B
20240209;101748;7232.000000000;6;9581660917;S
20240209;101750;7232.500000000;5;9581661113;B
20240209;101751;7232.500000000;5;9581661270;B
20240209;101758;7232.000000000;3;9581662222;S
20240209;101758;7232.000000000;1;9581662223;S
20240209;101758;7232.000000000;5;9581662224;S
20240209;101758;7232.000000000;1;9581662225;S
20240209;101803;7232.500000000;4;9581663054;B
20240209;101805;7232.500000000;6;9581663306;B
20240209;101813;7232.500000000;5;9581664597;B
20240209;101816;7232.500000000;5;9581665080;B
20240209;101817;7232.500000000;1;9581665155;B
20240209;101818;7232.500000000;1;9581665325;B
20240209;101819;7232.000000000;1;9581665527;S
20240209;101821;7232.500000000;3;9581665792;B
20240209;101825;7232.000000000;1;9581666476;S
20240209;101827;7232.000000000;1;9581666737;S
20240209;101830;7232.500000000;5;9581667149;B
20240209;101830;7232.500000000;2;9581667156;B
20240209;101830;7232.500000000;34;9581667157;B
20240209;101830;7232.500000000;4;9581667158;B
20240209;101830;7233.000000000;1;9581667203;B
20240209;101831;7233.000000000;6;9581667312;B
20240209;101836;7233.000000000;1;9581668096;B
20240209;101836;7233.000000000;1;9581668117;B
20240209;101836;7233.000000000;1;9581668131;B
20240209;101836;7233.000000000;1;9581668151;B
20240209;101836;7233.500000000;1;9581668153;B
20240209;101837;7233.500000000;1;9581668176;B
20240209;101837;7233.500000000;3;9581668190;B
20240209;101837;7234.000000000;1;9581668208;B
20240209;101837;7234.000000000;3;9581668213;B
20240209;101843;7234.000000000;4;9581668936;B
20240209;101844;7234.000000000;3;9581669026;B
20240209;101845;7234.000000000;5;9581669158;B
20240209;101846;7234.000000000;1;9581669321;B
20240209;101847;7234.000000000;2;9581669438;B
20240209;101848;7234.000000000;1;9581669542;B
20240209;101857;7234.000000000;5;9581670645;B
20240209;101857;7233.500000000;3;9581670668;S
20240209;101901;7232.500000000;1;9581671217;S
20240209;101901;7232.500000000;1;9581671240;S
20240209;101901;7232.500000000;1;9581671259;S
20240209;101901;7232.500000000;4;9581671276;S
20240209;101902;7232.500000000;1;9581671345;S
20240209;101902;7233.000000000;5;9581671462;B
20240209;101907;7233.000000000;1;9581672430;B
20240209;101907;7233.000000000;1;9581672432;B
20240209;101910;7233.000000000;5;9581672878;B
20240209;101923;7233.500000000;4;9581674263;B
20240209;101926;7233.000000000;1;9581674552;S
20240209;101927;7232.500000000;17;9581674607;S
20240209;101930;7233.000000000;1;9581675052;B
20240209;101933;7233.000000000;1;9581675478;B
20240209;101935;7233.000000000;1;9581675586;B
20240209;101937;7233.000000000;5;9581675899;B
20240209;101939;7233.000000000;2;9581676176;B
20240209;101942;7233.000000000;17;9581676857;B
20240209;101943;7234.000000000;8;9581677244;B
20240209;101943;7234.000000000;2;9581677329;B
20240209;101943;7234.000000000;1;9581677330;B
20240209;101944;7234.000000000;1;9581677469;B
20240209;101944;7234.000000000;1;9581677524;B
20240209;101946;7234.000000000;1;9581677701;B
20240209;101949;7233.500000000;7;9581678092;S
20240209;101949;7234.000000000;5;9581678150;B
20240209;101950;7234.000000000;1;9581678159;B
20240209;101950;7234.000000000;1;9581678193;B
20240209;101950;7234.000000000;2;9581678194;B
20240209;101950;7234.000000000;1;9581678195;B
20240209;101953;7234.000000000;1;9581678566;B
20240209;101954;7233.500000000;1;9581678696;S
20240209;101954;7234.000000000;1;9581678701;B
20240209;101955;7233.500000000;1;9581678707;S
20240209;101955;7233.500000000;1;9581678709;S
20240209;101955;7233.500000000;1;9581678727;S
20240209;101955;7233.500000000;1;9581678789;S
20240209;101955;7233.500000000;1;9581678790;S
20240209;101955;7233.500000000;3;9581678798;S
20240209;101956;7233.500000000;3;9581678813;S
20240209;102000;7233.500000000;34;9581679209;S
20240209;102000;7233.500000000;13;9581679210;S
20240209;102000;7233.500000000;9;9581679211;S
20240209;102002;7233.500000000;1;9581679558;S
20240209;102003;7233.500000000;5;9581679747;B
20240209;102006;7233.500000000;2;9581680009;B
20240209;102008;7233.500000000;2;9581680264;B
20240209;102008;7233.500000000;8;9581680265;B
20240209;102008;7233.500000000;1;9581680441;B
20240209;102015;7233.500000000;1;9581683596;B
20240209;102017;7233.500000000;5;9581683822;B
20240209;102017;7233.000000000;11;9581683836;S
20240209;102017;7233.000000000;13;9581683837;S
20240209;102017;7233.000000000;28;9581683838;S
20240209;102017;7233.000000000;3;9581683839;S
20240209;102017;7232.500000000;101;9581683840;S
20240209;102018;7232.500000000;6;9581683952;S
20240209;102018;7233.000000000;1;9581684856;B
20240209;102021;7233.000000000;1;9581686107;B
20240209;102022;7232.500000000;1;9581686295;S
20240209;102022;7232.500000000;1;9581686296;S
20240209;102023;7232.500000000;38;9581686414;S
20240209;102024;7233.000000000;2;9581686478;B
20240209;102025;7233.000000000;1;9581687404;B
20240209;102030;7233.000000000;1;9581689945;B
20240209;102030;7233.000000000;4;9581690016;B
20240209;102030;7232.500000000;2;9581690047;S
20240209;102032;7233.000000000;1;9581690265;B
20240209;102035;7233.000000000;1;9581690606;B
20240209;102035;7232.500000000;18;9581690625;S
20240209;102035;7232.500000000;1;9581690689;S
20240209;102035;7232.500000000;2;9581690712;S
20240209;102036;7233.000000000;1;9581690777;B
20240209;102036;7232.500000000;1;9581690778;S
20240209;102036;7232.500000000;1;9581690779;S
20240209;102038;7233.000000000;1;9581691544;B
20240209;102040;7233.000000000;75;9581692815;B
20240209;102040;7233.000000000;1;9581692816;B
20240209;102040;7233.000000000;24;9581692817;B
20240209;102043;7233.000000000;1;9581693217;B
20240209;102043;7233.000000000;1;9581693218;B
20240209;102043;7233.500000000;3;9581693219;B
20240209;102053;7233.000000000;1;9581696507;B
20240209;102056;7233.000000000;1;9581697154;B
20240209;102056;7233.000000000;1;9581697192;B
20240209;102056;7233.000000000;1;9581697197;B
20240209;102056;7233.000000000;3;9581697207;B
20240209;102057;7233.500000000;4;9581697308;B
20240209;102057;7233.500000000;1;9581697408;B
20240209;102101;7232.500000000;2;9581698589;S
20240209;102101;7232.500000000;1;9581698602;S
20240209;102104;7233.500000000;1;9581699631;B
20240209;102105;7233.500000000;1;9581699701;B
20240209;102110;7233.000000000;5;9581701576;B
20240209;102112;7233.000000000;5;9581702035;B
20240209;102113;7233.000000000;5;9581702197;B
20240209;102117;7233.000000000;3;9581703793;B
20240209;102120;7233.000000000;1;9581704063;B
20240209;102123;7233.000000000;5;9581704416;B
20240209;102126;7233.000000000;10;9581704773;B
20240209;102126;7232.500000000;1;9581704790;S
20240209;102127;7232.500000000;5;9581704866;S
20240209;102128;7233.000000000;1;9581704953;B
20240209;102130;7232.500000000;24;9581706160;S
20240209;102130;7233.000000000;5;9581706202;B
20240209;102130;7233.000000000;6;9581706203;B
20240209;102137;7233.500000000;4;9581707810;B
20240209;102139;7233.000000000;189;9581708460;S
20240209;102139;7233.000000000;20;9581708461;S
20240209;102139;7233.000000000;1;9581708462;S
20240209;102139;7232.500000000;759;9581708463;S
20240209;102139;7232.500000000;1;9581708464;S
20240209;102139;7232.500000000;30;9581708465;S
20240209;102139;7232.500000000;26;9581708466;S
20240209;102139;7232.500000000;1;9581708467;S
20240209;102139;7232.500000000;1;9581708468;S
20240209;102139;7232.500000000;1;9581708469;S
20240209;102139;7232.500000000;1;9581708470;S
20240209;102139;7232.500000000;1;9581708471;S
20240209;102139;7232.500000000;1;9581708472;S
20240209;102139;7232.500000000;1;9581708473;S
20240209;102139;7232.500000000;1;9581708474;S
20240209;102139;7232.500000000;1;9581708475;S
20240209;102139;7232.500000000;2;9581708476;S
20240209;102139;7232.500000000;212;9581708477;S
20240209;102139;7232.500000000;1;9581708478;S
20240209;102139;7232.500000000;1;9581708479;S
20240209;102139;7232.500000000;1;9581708480;S
20240209;102139;7232.500000000;1;9581708481;S
20240209;102139;7232.500000000;1;9581708482;S
20240209;102139;7232.500000000;82;9581708483;S
20240209;102139;7232.500000000;100;9581708484;S
20240209;102139;7232.500000000;40;9581708485;S
20240209;102139;7232.500000000;15;9581708486;S
20240209;102139;7232.500000000;14;9581708487;S
20240209;102139;7232.000000000;20;9581708488;S
20240209;102139;7232.000000000;12;9581708489;S
20240209;102139;7232.000000000;3;9581708490;S
20240209;102139;7232.000000000;15;9581708491;S
20240209;102139;7232.000000000;6;9581708492;S
20240209;102139;7232.000000000;16;9581708493;S
20240209;102139;7232.000000000;3;9581708494;S
20240209;102139;7232.000000000;4;9581708495;S
20240209;102139;7232.000000000;1;9581708496;S
20240209;102139;7232.000000000;63;9581708497;S
20240209;102139;7232.000000000;213;9581708498;S
20240209;102139;7232.000000000;10;9581708499;S
20240209;102139;7231.500000000;1;9581708500;S
20240209;102139;7231.000000000;1;9581708501;S
20240209;102139;7230.500000000;3;9581708502;S
20240209;102139;7230.500000000;1;9581708503;S
20240209;102139;7230.000000000;51;9581708504;S
20240209;102139;7230.000000000;2;9581708505;S
20240209;102139;7230.000000000;1;9581708506;S
20240209;102139;7230.000000000;1;9581708507;S
20240209;102139;7230.000000000;5;9581708508;S
20240209;102139;7230.000000000;3;9581708509;S
20240209;102139;7230.000000000;5;9581708510;S
20240209;102139;7230.000000000;1;9581708511;S
20240209;102139;7230.000000000;1;9581708512;S
20240209;102139;7230.000000000;1;9581708513;S
20240209;102139;7229.000000000;1;9581708514;S
20240209;102139;7229.000000000;4;9581708515;S
20240209;102139;7229.000000000;1;9581708516;S
20240209;102139;7228.500000000;1;9581708520;B
20240209;102139;7228.500000000;1;9581708521;B
20240209;102139;7228.500000000;1;9581708522;B
20240209;102139;7228.500000000;1;9581708524;B
20240209;102139;7228.500000000;1;9581708525;B
20240209;102139;7228.500000000;2;9581708526;B
20240209;102139;7228.500000000;1;9581708527;B
20240209;102139;7228.500000000;1;9581708531;B
20240209;102139;7228.500000000;1;9581708532;B
20240209;102139;7228.500000000;1;9581708535;B
20240209;102139;7228.500000000;1;9581708536;B
20240209;102139;7228.500000000;58;9581708537;B
20240209;102139;7228.500000000;42;9581708538;B
20240209;102139;7230.500000000;1;9581708539;B
20240209;102139;7231.500000000;1;9581708540;B
20240209;102139;7231.500000000;1;9581708541;B
20240209;102139;7231.000000000;2;9581708542;B
20240209;102139;7231.000000000;1;9581708555;B
20240209;102139;7231.000000000;1;9581708556;B
20240209;102139;7231.000000000;1;9581708557;B
20240209;102139;7231.000000000;1;9581708558;B
20240209;102139;7231.000000000;1;9581708559;B
20240209;102139;7231.000000000;1;9581708560;B
20240209;102139;7231.000000000;2;9581708561;B
20240209;102139;7231.000000000;1;9581708562;B
20240209;102139;7231.000000000;1;9581708564;B
20240209;102139;7231.000000000;1;9581708565;B
20240209;102139;7231.000000000;1;9581708568;B
20240209;102139;7231.000000000;2;9581708569;B
20240209;102140;7231.000000000;1;9581708576;B
20240209;102140;7231.000000000;1;9581708577;B
20240209;102140;7230.500000000;1;9581708578;B
20240209;102140;7230.500000000;2;9581708579;B
20240209;102140;7230.500000000;1;9581708580;B
20240209;102140;7230.500000000;1;9581708583;B
20240209;102140;7230.500000000;1;9581708591;B
20240209;102140;7230.500000000;2;9581708592;B
20240209;102140;7230.500000000;1;9581708597;B
20240209;102140;7230.500000000;2;9581708598;B
20240209;102140;7230.500000000;1;9581708603;B
20240209;102140;7230.500000000;2;9581708604;B
20240209;102140;7230.500000000;1;9581708626;B
20240209;102140;7230.500000000;2;9581708627;B
20240209;102140;7230.500000000;1;9581708630;B
20240209;102140;7230.500000000;2;9581708631;B
20240209;102140;7230.500000000;1;9581708637;B
20240209;102140;7230.500000000;1;9581708638;B
20240209;102140;7230.500000000;1;9581708640;B
20240209;102140;7230.500000000;1;9581708647;B
20240209;102143;7230.500000000;1;9581708971;B
20240209;102150;7230.500000000;5;9581712172;B
20240209;102151;7230.500000000;3;9581712294;B
20240209;102151;7230.500000000;34;9581712295;B
20240209;102151;7230.500000000;11;9581712296;B
20240209;102151;7231.000000000;2;9581712297;B
20240209;102154;7231.000000000;1;9581712659;B
20240209;102156;7231.000000000;2;9581713400;B
20240209;102158;7230.000000000;4;9581714659;S
20240209;102159;7230.000000000;1;9581714728;S
20240209;102201;7230.000000000;1;9581715068;S
20240209;102201;7230.000000000;1;9581715228;S
20240209;102201;7230.000000000;1;9581715269;S
20240209;102201;7230.000000000;3;9581715271;S
20240209;102201;7230.000000000;1;9581715273;S
20240209;102201;7230.000000000;1;9581715275;S
20240209;102201;7230.000000000;1;9581715276;S
20240209;102201;7230.000000000;1;9581715277;S
20240209;102201;7230.000000000;1;9581715279;S
20240209;102201;7230.000000000;1;9581715280;S
20240209;102201;7230.000000000;1;9581715282;S
20240209;102201;7230.000000000;1;9581715283;S
20240209;102201;7230.000000000;1;9581715284;S
20240209;102201;7230.000000000;5;9581715286;S
20240209;102201;7230.000000000;1;9581715287;S
20240209;102201;7230.000000000;1;9581715288;S
20240209;102201;7230.000000000;1;9581715289;S
20240209;102201;7230.000000000;1;9581715290;S
20240209;102201;7230.000000000;1;9581715293;S
20240209;102201;7230.000000000;2;9581715294;S
20240209;102201;7230.000000000;1;9581715312;S
20240209;102202;7230.000000000;1;9581715365;S
20240209;102202;7230.000000000;30;9581715366;S
20240209;102202;7230.000000000;1;9581715408;S
20240209;102202;7230.000000000;1;9581715409;S
20240209;102202;7230.000000000;1;9581715416;S
20240209;102202;7230.000000000;7;9581715417;S
20240209;102202;7230.000000000;1;9581715419;S
20240209;102202;7230.000000000;10;9581715420;S
20240209;102202;7230.000000000;1;9581715421;S
20240209;102202;7230.000000000;2;9581715422;S
20240209;102202;7230.000000000;8;9581715423;S
20240209;102202;7230.000000000;1;9581715425;S
20240209;102202;7230.000000000;1;9581715426;S
20240209;102202;7230.000000000;1;9581715430;S
20240209;102202;7230.000000000;1;9581715431;S
20240209;102202;7230.000000000;1;9581715434;S
20240209;102202;7230.000000000;1;9581715435;S
20240209;102202;7228.000000000;1;9581715436;S
20240209;102202;7228.000000000;1;9581715437;S
20240209;102202;7228.000000000;1;9581715438;S
20240209;102202;7227.500000000;1;9581715440;S
20240209;102202;7227.000000000;3;9581715441;S
20240209;102202;7227.000000000;3;9581715443;S
20240209;102202;7227.000000000;1;9581715444;S
20240209;102202;7227.000000000;1;9581715445;S
20240209;102202;7227.000000000;1;9581715446;S
20240209;102202;7227.000000000;1;9581715447;S
20240209;102202;7227.000000000;1;9581715448;S
20240209;102202;7227.000000000;8;9581715449;S
20240209;102202;7227.000000000;1;9581715450;S
20240209;102202;7227.000000000;1;9581715451;S
20240209;102202;7227.000000000;10;9581715452;S
20240209;102202;7228.500000000;10;9581715456;B
20240209;102202;7228.500000000;42;9581715457;B
20240209;102202;7228.500000000;1;9581715458;B
20240209;102202;7229.000000000;47;9581715459;B
20240209;102202;7227.000000000;1;9581715467;S
20240209;102202;7227.000000000;1;9581715470;S
20240209;102202;7227.000000000;1;9581715471;S
20240209;102202;7228.500000000;10;9581715473;B
20240209;102202;7228.500000000;42;9581715474;B
20240209;102202;7229.000000000;3;9581715475;B
20240209;102202;7229.000000000;34;9581715476;B
20240209;102202;7229.500000000;11;9581715477;B
20240209;102202;7227.500000000;10;9581715481;S
20240209;102202;7227.000000000;3;9581715482;S
20240209;102202;7227.500000000;1;9581715485;S
20240209;102202;7227.500000000;1;9581715493;S
20240209;102202;7227.500000000;1;9581715496;S
20240209;102202;7227.500000000;5;9581715498;S
20240209;102202;7229.000000000;10;9581715501;B
20240209;102202;7229.500000000;42;9581715502;B
20240209;102202;7230.000000000;48;9581715503;B
20240209;102202;7227.000000000;1;9581715506;S
20240209;102202;7227.000000000;28;9581715509;S
20240209;102202;7228.500000000;10;9581715518;B
20240209;102202;7228.500000000;42;9581715519;B
20240209;102202;7229.000000000;48;9581715520;B
20240209;102203;7228.500000000;10;9581715535;B
20240209;102203;7228.500000000;42;9581715536;B
20240209;102203;7229.000000000;48;9581715537;B
20240209;102203;7227.500000000;1;9581715553;S
20240209;102203;7227.500000000;1;9581715554;S
20240209;102203;7229.500000000;42;9581715589;B
20240209;102203;7230.000000000;29;9581715590;B
20240209;102203;7227.500000000;2;9581715599;S
20240209;102203;7227.500000000;2;9581715708;S
20240209;102203;7227.500000000;2;9581715709;S
20240209;102203;7227.500000000;1;9581715726;S
20240209;102203;7227.500000000;1;9581715727;S
20240209;102203;7227.000000000;2;9581715728;S
20240209;102203;7227.500000000;1;9581715736;S
20240209;102203;7227.500000000;4;9581715738;S
20240209;102204;7227.500000000;1;9581715742;S
20240209;102204;7227.500000000;1;9581715745;S
20240209;102204;7227.500000000;1;9581715748;S
20240209;102204;7227.500000000;1;9581715749;S
20240209;102204;7227.500000000;1;9581715750;S
20240209;102204;7227.000000000;1;9581715751;S
20240209;102204;7227.500000000;3;9581715753;S
20240209;102204;7227.500000000;1;9581715754;S
20240209;102204;7229.500000000;4;9581715755;B
20240209;102204;7227.500000000;1;9581715758;S
20240209;102204;7227.500000000;1;9581715760;S
20240209;102204;7227.500000000;1;9581715764;S
20240209;102204;7227.500000000;3;9581715766;S
20240209;102204;7227.000000000;13;9581715767;S
20240209;102204;7227.000000000;3;9581715813;S
20240209;102204;7227.000000000;5;9581715918;S
20240209;102204;7227.000000000;1;9581716008;S
20240209;102205;7227.000000000;1;9581716009;S
20240209;102205;7227.000000000;3;9581716010;S
20240209;102205;7227.000000000;2;9581716011;S
20240209;102205;7226.500000000;1;9581716012;S
20240209;102205;7226.000000000;1;9581716050;S
20240209;102205;7226.000000000;1;9581716058;S
20240209;102205;7226.000000000;1;9581716060;S
20240209;102205;7226.000000000;1;9581716061;S
20240209;102205;7226.000000000;1;9581716119;S
20240209;102206;7225.500000000;3;9581716334;S
20240209;102207;7226.000000000;1;9581717223;S
20240209;102208;7225.500000000;1;9581717361;S
20240209;102208;7225.500000000;1;9581717365;S
20240209;102208;7225.500000000;1;9581717368;S
20240209;102208;7225.500000000;1;9581717388;S
20240209;102208;7225.500000000;1;9581717390;S
20240209;102208;7225.500000000;1;9581717395;S
20240209;102209;7225.500000000;5;9581717416;S
20240209;102209;7225.500000000;1;9581717479;S
20240209;102209;7225.500000000;2;9581717550;S
20240209;102209;7225.000000000;4;9581717551;S
20240209;102217;7225.500000000;5;9581720529;B
20240209;102223;7225.500000000;1;9581722906;B
20240209;102230;7226.000000000;5;9581725169;B
20240209;102231;7225.000000000;1;9581725293;S
20240209;102231;7225.000000000;17;9581725294;S
20240209;102231;7225.000000000;1;9581725295;S
20240209;102231;7225.000000000;109;9581725296;S
20240209;102234;7225.000000000;1;9581725672;S
20240209;102238;7225.000000000;1;9581727285;S
20240209;102240;7225.000000000;4;9581727699;S
20240209;102243;7225.000000000;3;9581729194;S
20240209;102243;7225.000000000;2;9581729209;S
20240209;102243;7225.000000000;1;9581729269;S
20240209;102243;7225.000000000;1;9581729271;S
20240209;102243;7225.000000000;1;9581729296;S
20240209;102243;7225.000000000;25;9581729540;S
20240209;102243;7225.000000000;2;9581729541;S
20240209;102243;7225.000000000;7;9581729575;S
20240209;102243;7225.000000000;4;9581729611;S
20240209;102243;7225.000000000;2;9581729616;S
20240209;102243;7225.000000000;1;9581729618;S
20240209;102244;7225.000000000;36;9581729630;S
20240209;102244;7225.000000000;11;9581729631;S
20240209;102244;7224.500000000;1;9581729632;S
20240209;102244;7224.500000000;3;9581729633;S
20240209;102244;7224.500000000;4;9581729634;S
20240209;102244;7224.500000000;1;9581729635;S
20240209;102244;7224.500000000;11;9581729636;S
20240209;102244;7224.500000000;17;9581729637;S
20240209;102244;7224.000000000;1;9581729649;S
20240209;102244;7224.500000000;4;9581729656;B
20240209;102244;7224.000000000;2;9581729673;S
20240209;102244;7224.000000000;1;9581729699;S
20240209;102244;7224.000000000;3;9581729722;S
20240209;102244;7224.000000000;3;9581729747;S
20240209;102244;7224.000000000;2;9581729788;S
20240209;102244;7224.500000000;1;9581729930;B
20240209;102244;7224.000000000;1;9581729931;S
20240209;102244;7224.000000000;1;9581729950;S
20240209;102245;7224.500000000;2;9581729986;B
20240209;102245;7224.000000000;5;9581729995;S
20240209;102245;7224.000000000;11;9581730003;S
20240209;102245;7223.000000000;1;9581730004;S
20240209;102245;7223.500000000;5;9581730057;S
20240209;102246;7223.000000000;1;9581730132;S
20240209;102246;7223.000000000;2;9581730133;S
20240209;102247;7223.000000000;3;9581730238;S
20240209;102247;7223.500000000;1;9581730263;B
20240209;102248;7223.000000000;5;9581730307;S
20240209;102249;7223.000000000;1;9581730584;S
20240209;102249;7223.000000000;10;9581730627;S
20240209;102249;7223.000000000;1;9581730636;S
20240209;102250;7223.000000000;1;9581730700;S
20240209;102250;7223.000000000;5;9581730727;S
20240209;102250;7223.000000000;1;9581730755;S
20240209;102251;7223.000000000;20;9581730851;S
20240209;102252;7223.000000000;1;9581730992;S
20240209;102252;7223.000000000;1;9581730993;S
20240209;102252;7222.500000000;4;9581730994;S
20240209;102252;7223.000000000;7;9581731011;B
20240209;102254;7222.000000000;1;9581731210;S
20240209;102254;7222.500000000;5;9581732007;B
20240209;102257;7222.500000000;17;9581733451;S
20240209;102257;7222.000000000;13;9581733452;S
20240209;102257;7222.500000000;5;9581733457;B
20240209;102300;7222.500000000;1;9581733772;B
20240209;102301;7222.000000000;10;9581733976;S
20240209;102303;7223.000000000;1;9581734303;B
20240209;102303;7225.000000000;3;9581734326;B
20240209;102303;7224.500000000;4;9581734328;S
20240209;102303;7224.500000000;1;9581734992;B
20240209;102304;7223.000000000;6;9581735045;B
20240209;102304;7223.000000000;1;9581735046;B
20240209;102307;7222.500000000;17;9581736035;S
20240209;102307;7222.000000000;27;9581736036;S
20240209;102307;7221.500000000;11;9581736037;S
20240209;102307;7221.500000000;50;9581736038;S
20240209;102307;7221.500000000;10;9581736039;S
20240209;102307;7221.000000000;1;9581736040;S
20240209;102307;7221.000000000;11;9581736041;S
20240209;102307;7221.000000000;50;9581736042;S
20240209;102307;7220.500000000;2;9581736043;S
20240209;102307;7220.500000000;7;9581736044;S
20240209;102307;7220.500000000;1;9581736045;S
20240209;102307;7220.500000000;11;9581736046;S
20240209;102307;7220.500000000;5;9581736047;S
20240209;102307;7220.500000000;60;9581736048;S
