<DATE>;<TIME>;<LAST>;<VOL>;<ID>;<OPER>
20240227;095941;7159.5;15;9702583214;B
20240227;095941;7159.5;1;9702583215;S
20240227;095941;7159.5;7;9702583216;S
20240227;095941;7159.5;1;9702583217;S
20240227;095941;7159.5;26;9702583218;S
20240227;095941;7159.5;2;9702583219;S
20240227;095941;7159.5;2;9702583220;S
20240227;095941;7159.5;1;9702583221;S
20240227;095941;7159.5;5;9702583222;S
20240227;095941;7159.5;1;9702583223;S
20240227;095941;7159.5;10;9702583224;S
20240227;095941;7159.5;3;9702583225;S
20240227;095941;7159.5;10;9702583226;S
20240227;095941;7159.5;1;9702583227;S
20240227;095941;7159.5;2;9702583228;S
20240227;095941;7159.5;1;9702583229;S
20240227;095941;7159.5;2;9702583230;B
20240227;095941;7159.5;15;9702583231;B
20240227;095941;7159.5;5;9702583232;B
20240227;095941;7159.5;1;9702583233;B
20240227;095941;7159.5;1;9702583234;B
20240227;095941;7159.5;5;9702583235;B
20240227;095941;7159.5;4;9702583236;B
20240227;095941;7159.5;2;9702583237;B
20240227;095941;7159.5;1;9702583238;B
20240227;095941;7159.5;8;9702583239;B
20240227;095941;7159.5;1;9702583240;B
20240227;095941;7159.5;1;9702583241;B
20240227;095941;7159.5;1;9702583242;B
20240227;095941;7159.5;1;9702583243;B
20240227;095941;7159.5;2;9702583244;B
20240227;095941;7159.5;88;9702583245;S
20240227;095941;7159.5;1;9702583246;S
20240227;095941;7159.5;9;9702583247;S
20240227;095941;7159.5;37;9702583248;S
20240227;095941;7159.5;15;9702583249;S
20240227;095941;7159.5;1;9702583250;S
20240227;095941;7159.5;3;9702583251;S
20240227;095941;7159.5;1;9702583252;S
20240227;095941;7159.5;2;9702583253;S
20240227;095941;7159.5;10;9702583254;S
20240227;095941;7159.5;50;9702583255;S
20240227;095941;7159.5;1;9702583256;S
20240227;095941;7159.5;14;9702583257;S
20240227;095941;7159.5;2;9702583258;S
20240227;095941;7159.5;33;9702583259;S
20240227;095941;7159.5;14;9702583260;B
20240227;095941;7159.5;1;9702583261;S
20240227;095941;7159.5;1;9702583262;S
20240227;095941;7159.5;6;9702583263;S
20240227;095941;7159.5;2;9702583264;S
20240227;095941;7159.5;1;9702583265;S
20240227;095941;7159.5;1;9702583266;S
20240227;095941;7159.5;4;9702583267;S
20240227;095941;7159.5;1;9702583268;S
20240227;095941;7159.5;7;9702583269;S
20240227;095941;7159.5;10;9702583270;S
20240227;095941;7159.5;1;9702583271;S
20240227;095941;7159.5;5;9702583272;S
20240227;095941;7159.5;5;9702583273;S
20240227;095941;7159.5;5;9702583274;S
20240227;095941;7159.5;87;9702583275;S
20240227;095941;7159.5;1;9702583276;S
20240227;095941;7159.5;1;9702583277;S
20240227;095941;7159.5;1;9702583278;S
20240227;095941;7159.5;35;9702583279;S
20240227;095941;7159.5;150;9702583280;S
20240227;095941;7159.5;5;9702583281;S
20240227;095941;7159.5;6;9702583282;S
20240227;095941;7159.5;1;9702583283;S
20240227;095941;7159.5;9;9702583284;S
20240227;095941;7159.5;2;9702583285;S
20240227;095941;7159.5;28;9702583286;S
20240227;095941;7159.5;1;9702583287;S
20240227;095941;7159.5;4;9702583288;S
20240227;095941;7159.5;1;9702583289;S
20240227;095941;7159.5;1;9702583290;S
20240227;095941;7159.5;20;9702583291;S
20240227;095941;7159.5;10;9702583292;S
20240227;095941;7159.5;3;9702583293;S
20240227;095941;7159.5;8;9702583294;S
20240227;095941;7159.5;9;9702583295;S
20240227;095941;7159.5;7;9702583296;S
20240227;095941;7159.5;2;9702583297;S
20240227;095941;7159.5;7;9702583298;S
20240227;095941;7159.5;8;9702583299;S
20240227;095941;7159.5;5;9702583300;S
20240227;095941;7159.5;13;9702583301;S
20240227;095941;7159.5;41;9702583302;S
20240227;095941;7159.5;46;9702583303;S
20240227;095941;7159.5;15;9702583304;S
20240227;095941;7159.5;3;9702583305;S
20240227;095941;7159.5;2;9702583306;S
20240227;095941;7159.5;1;9702583307;S
20240227;095941;7159.5;2;9702583308;S
20240227;095941;7159.5;1;9702583309;S
20240227;095941;7159.5;164;9702583310;S
20240227;095941;7159.5;36;9702583311;S
20240227;095941;7159.5;1;9702583312;S
20240227;095941;7159.5;2;9702583313;S
20240227;095941;7159.5;10;9702583314;S
20240227;095941;7159.5;1;9702583315;B
20240227;095941;7159.5;1;9702583316;B
20240227;100000;7159;10;9702588195;S
20240227;100000;7159;10;9702588196;S
20240227;100000;7159;14;9702588197;S
20240227;100000;7158.5;36;9702588198;S
20240227;100000;7158.5;10;9702588199;S
20240227;100000;7158.5;40;9702588248;S
20240227;100000;7158.5;14;9702588249;S
20240227;100000;7158;20;9702588306;S
20240227;100000;7158;6;9702588312;S
20240227;100000;7158;124;9702588313;S
20240227;100000;7153.5;1;9702588587;S
20240227;100000;7153.5;3;9702588588;S
20240227;100000;7152;2;9702588594;S
20240227;100000;7152;24;9702588595;S
20240227;100000;7152.5;10;9702588677;B
20240227;100000;7152.5;20;9702588784;B
20240227;100000;7152.5;9;9702589154;B
20240227;100000;7152;16;9702589212;S
20240227;100000;7152.5;1;9702589461;B
20240227;100001;7152;10;9702589477;S
20240227;100001;7152;13;9702589478;S
20240227;100001;7152;13;9702589480;B
20240227;100001;7152;10;9702589481;B
20240227;100001;7152;20;9702589486;B
20240227;100001;7158.5;2;9702590252;B
20240227;100001;7161.5;2;9702590253;B
20240227;100001;7151.5;13;9702590735;S
20240227;100001;7152;4;9702590743;S
20240227;100001;7151.5;20;9702590744;S
20240227;100002;7151.5;33;9702590812;S
20240227;100002;7151.5;9;9702590839;S
20240227;100002;7151.5;42;9702590840;S
20240227;100002;7151.5;8;9702590848;B
20240227;100002;7151;30;9702590871;S
20240227;100002;7151;14;9702590872;S
20240227;100002;7151;10;9702591006;S
20240227;100002;7154.5;33;9702591181;B
20240227;100002;7155;103;9702591182;B
20240227;100002;7155;5;9702591183;B
20240227;100002;7155.5;20;9702591239;S
20240227;100002;7155.5;22;9702591294;S
20240227;100002;7155.5;20;9702591362;S
20240227;100002;7155.5;97;9702591363;S
20240227;100002;7154.5;5;9702591364;S
20240227;100002;7152;45;9702591370;B
20240227;100002;7151.5;20;9702591376;B
20240227;100002;7151;25;9702591446;S
20240227;100002;7152;7;9702591482;B
20240227;100002;7151.5;7;9702591754;B
20240227;100002;7151;3;9702591755;S
20240227;100003;7151.5;189;9702591872;B
20240227;100003;7152;1;9702591924;B
20240227;100003;7152;144;9702591943;B
20240227;100003;7152.5;5;9702591944;B
20240227;100005;7160;1;9702593376;B
20240227;100005;7160.5;7;9702593705;B
20240227;100005;7160.5;1;9702593727;B
20240227;100005;7160.5;1;9702593876;B
20240227;100006;7157;1;9702594116;S
20240227;100006;7160.5;1;9702594118;B
20240227;100006;7160.5;10;9702594119;B
20240227;100006;7157;3;9702594278;S
20240227;100006;7157;6;9702595139;S
20240227;100006;7155.5;51;9702595140;S
20240227;100006;7155;36;9702595141;S
20240227;100006;7160;3;9702595443;B
20240227;100006;7160;1;9702595577;B
20240227;100006;7155;2;9702595817;S
20240227;100006;7160;1;9702595821;B
20240227;100006;7160;1;9702595926;B
20240227;100006;7155;4;9702595937;S
20240227;100007;7155;6;9702596150;S
20240227;100007;7160;3;9702596431;B
20240227;100008;7155;1;9702596723;S
20240227;100010;7158.5;36;9702597366;B
20240227;100010;7158.5;3;9702597367;B
20240227;100010;7161;1;9702597372;B
20240227;100010;7155;1;9702597475;S
20240227;100010;7161;1;9702597488;B
20240227;100010;7159.5;1;9702597615;B
20240227;100011;7159.5;2;9702597728;B
20240227;100011;7161;1;9702597775;B
20240227;100011;7160;1;9702597823;B
20240227;100011;7155;3;9702597832;S
20240227;100011;7160;1;9702597868;B
20240227;100011;7160;5;9702597904;B
20240227;100011;7160;40;9702597907;B
20240227;100012;7159;7;9702598423;B
20240227;100012;7159.5;23;9702598424;B
20240227;100014;7155;2;9702598694;S
20240227;100014;7155;40;9702598764;S
20240227;100016;7157.5;1;9702599500;B
20240227;100016;7158;10;9702599501;B
20240227;100016;7155;2;9702599636;S
20240227;100018;7157;1;9702599975;B
20240227;100018;7157;1;9702600081;B
20240227;100018;7157;11;9702600122;B
20240227;100021;7155;100;9702600791;S
20240227;100022;7155;19;9702600984;S
20240227;100022;7155;35;9702601003;S
20240227;100022;7155;84;9702601004;S
20240227;100022;7155;44;9702601005;S
20240227;100022;7155;1;9702601037;S
20240227;100022;7155;89;9702601063;S
20240227;100023;7155;3;9702601375;S
20240227;100023;7155;10;9702601417;S
20240227;100023;7155;20;9702601418;S
20240227;100024;7155;20;9702601747;S
20240227;100024;7155.5;5;9702601864;B
20240227;100024;7155.5;4;9702601865;B
20240227;100025;7155;5;9702602033;S
20240227;100027;7155;2;9702602405;S
20240227;100028;7155;15;9702602623;S
20240227;100029;7156;5;9702602961;B
20240227;100029;7156.5;1;9702602962;B
20240227;100029;7158;3;9702602963;B
20240227;100030;7157;20;9702603195;B
20240227;100033;7156.5;2;9702603919;B
20240227;100033;7157;67;9702603920;B
20240227;100034;7155;32;9702604203;S
20240227;100034;7155;24;9702604239;S
20240227;100034;7155;8;9702604241;S
20240227;100034;7155;18;9702604251;S
20240227;100034;7155;18;9702604275;S
20240227;100034;7155;15;9702604279;S
20240227;100034;7155;15;9702604311;S
20240227;100034;7155;1;9702604320;S
20240227;100034;7155;20;9702604377;S
20240227;100034;7155;10;9702604448;S
20240227;100034;7155;5;9702604455;S
20240227;100034;7155;5;9702604458;S
20240227;100034;7155.5;1;9702604550;B
20240227;100034;7155;3;9702604587;S
20240227;100034;7155;3;9702604590;S
20240227;100034;7155;12;9702604648;S
20240227;100034;7155;12;9702604654;S
20240227;100034;7155;20;9702604681;S
20240227;100034;7155;20;9702604689;S
20240227;100034;7155;15;9702604753;S
20240227;100034;7155;15;9702604754;S
20240227;100034;7155;15;9702604755;S
20240227;100035;7155;15;9702604898;S
20240227;100036;7156.5;2;9702605185;B
20240227;100036;7158;5;9702605186;B
20240227;100036;7159.5;1;9702605187;B
20240227;100036;7159.5;12;9702605188;B
20240227;100036;7158.5;5;9702605235;B
20240227;100036;7159.5;5;9702605236;B
20240227;100036;7155;2;9702605340;S
20240227;100037;7155;6;9702605530;S
20240227;100037;7155;10;9702605575;S
20240227;100039;7156;1;9702606210;B
20240227;100040;7156;1;9702606505;B
20240227;100041;7155;10;9702606585;S
20240227;100042;7155;22;9702606835;S
20240227;100044;7156;4;9702607316;B
20240227;100045;7155;5;9702607502;S
20240227;100045;7155;1;9702607503;S
20240227;100045;7155.5;3;9702607509;B
20240227;100045;7155;7;9702607542;S
20240227;100045;7155;193;9702607543;S
20240227;100046;7155.5;2;9702607725;B
20240227;100047;7156;1;9702608149;B
20240227;100049;7156;1;9702608586;B
20240227;100050;7155;1;9702608852;S
20240227;100053;7155;170;9702609627;S
20240227;100053;7155;2;9702609628;S
20240227;100053;7156;1;9702609761;B
20240227;100057;7155;38;9702610789;S
20240227;100057;7155;200;9702610848;S
20240227;100057;7155;148;9702610982;S
20240227;100058;7156;1;9702611010;B
20240227;100058;7156;1;9702611169;B
20240227;100058;7156;2;9702611170;B
20240227;100058;7155;60;9702611189;S
20240227;100058;7155;2;9702611240;S
20240227;100102;7155.5;1;9702612123;B
20240227;100103;7155;57;9702612615;S
20240227;100106;7155;1;9702613362;S
20240227;100108;7155;2;9702614105;S
20240227;100113;7155;2;9702615169;S
20240227;100114;7155;2;9702615281;S
20240227;100116;7156;1;9702615689;B
20240227;100117;7156;1;9702616010;B
20240227;100119;7155;24;9702616486;S
20240227;100119;7155;19;9702616487;S
20240227;100122;7156;2;9702616992;B
20240227;100122;7156;1;9702616993;B
20240227;100122;7157.5;5;9702616994;B
20240227;100122;7158;1;9702616995;B
20240227;100122;7159;5;9702616996;B
20240227;100122;7159.5;15;9702616997;B
20240227;100122;7159.5;1;9702616998;B
20240227;100124;7156.5;3;9702617519;B
20240227;100126;7156.5;3;9702617851;B
20240227;100126;7159;5;9702617852;B
20240227;100126;7159.5;12;9702617853;B
20240227;100126;7158.5;1;9702617883;B
20240227;100128;7158;1;9702618155;B
20240227;100128;7158;2;9702618260;B
20240227;100129;7155;3;9702618282;S
20240227;100131;7155;3;9702618644;S
20240227;100131;7155;20;9702618751;S
20240227;100133;7157;21;9702619121;B
20240227;100133;7157;4;9702619122;B
20240227;100136;7157.5;1;9702619876;B
20240227;100136;7157.5;2;9702619939;B
20240227;100138;7155.5;31;9702620357;S
20240227;100138;7155;23;9702620358;S
20240227;100138;7155;42;9702620359;S
20240227;100145;7157;2;9702621413;B
20240227;100146;7155.5;2;9702621645;S
20240227;100146;7155.5;2;9702621781;S
20240227;100146;7157;1;9702621802;B
20240227;100147;7155.5;2;9702621972;S
20240227;100148;7155.5;9;9702622290;S
20240227;100148;7155;58;9702622291;S
20240227;100148;7155;16;9702622292;S
20240227;100148;7155;1;9702622293;S
20240227;100148;7155;16;9702622294;S
20240227;100148;7155;20;9702622295;S
20240227;100149;7155.5;8;9702622328;S
20240227;100149;7155;16;9702622329;S
20240227;100149;7155;2;9702622330;S
20240227;100149;7155;16;9702622331;S
20240227;100149;7155;2;9702622510;S
20240227;100149;7155;24;9702622536;S
20240227;100150;7157;47;9702622776;B
20240227;100150;7157;2;9702622777;B
20240227;100150;7157;1;9702622778;B
20240227;100150;7157;4;9702622779;B
20240227;100150;7157.5;5;9702622780;B
20240227;100150;7157.5;5;9702622781;B
20240227;100150;7158;2;9702622782;B
20240227;100150;7158.5;9;9702622783;B
20240227;100151;7157;3;9702622922;B
20240227;100151;7157;1;9702622933;B
20240227;100152;7155;10;9702623049;S
20240227;100152;7155;2;9702623069;S
20240227;100153;7155;70;9702623228;S
20240227;100154;7155;1;9702623376;S
20240227;100155;7155;1;9702623598;S
20240227;100155;7155;80;9702623600;S
20240227;100156;7157.5;8;9702623696;B
20240227;100159;7157.5;1;9702624282;B
20240227;100200;7157;1;9702624366;S
20240227;100200;7157;20;9702624367;S
20240227;100200;7157;9;9702624368;S
20240227;100204;7156;1;9702625103;S
20240227;100204;7157.5;5;9702625187;B
20240227;100205;7156;3;9702625242;S
20240227;100205;7156;4;9702625243;S
20240227;100206;7157.5;1;9702625733;B
20240227;100207;7157.5;10;9702625843;B
20240227;100209;7156.5;2;9702626402;S
20240227;100209;7156.5;1;9702626403;S
20240227;100209;7158;10;9702626474;B
20240227;100209;7158;10;9702626482;B
20240227;100211;7158;11;9702626752;B
20240227;100211;7157;10;9702626929;S
20240227;100211;7157;5;9702626930;S
20240227;100211;7157;17;9702626931;S
20240227;100211;7157;13;9702626934;S
20240227;100211;7156.5;10;9702626935;S
20240227;100211;7156;2;9702626936;S
20240227;100211;7156;7;9702626937;S
20240227;100213;7156;2;9702627370;S
20240227;100213;7156;20;9702627371;S
20240227;100213;7156;10;9702627410;S
20240227;100214;7155.5;11;9702627612;S
20240227;100215;7155.5;4;9702627751;S
20240227;100215;7155.5;2;9702627807;S
20240227;100216;7155.5;10;9702627886;S
20240227;100216;7155.5;7;9702627900;S
20240227;100216;7155.5;2;9702628028;S
20240227;100218;7155.5;2;9702628471;S
20240227;100219;7155.5;2;9702628665;S
20240227;100222;7156;11;9702629558;B
20240227;100227;7155.5;20;9702630792;S
20240227;100228;7155.5;206;9702630977;S
20240227;100228;7155.5;34;9702630981;S
20240227;100228;7155.5;20;9702630982;S
20240227;100228;7155.5;50;9702630983;S
20240227;100228;7155;1;9702630984;S
20240227;100232;7156;5;9702631818;B
20240227;100233;7155;20;9702632015;S
20240227;100242;7155;4;9702633827;S
20240227;100244;7155;43;9702634173;S
20240227;100245;7155;5;9702634346;S
20240227;100246;7155;3;9702634508;S
20240227;100248;7155;18;9702634772;S
20240227;100248;7155;4;9702634773;S
20240227;100248;7155;22;9702634774;S
20240227;100248;7155.5;8;9702634834;B
20240227;100248;7155.5;29;9702634835;B
20240227;100248;7156;3;9702634836;B
20240227;100249;7155;9;9702634945;S
20240227;100249;7155;7;9702634946;S
20240227;100249;7155.5;1;9702635006;B
20240227;100252;7155;1;9702635483;S
20240227;100255;7155.5;10;9702636004;B
20240227;100258;7155;15;9702636624;S
20240227;100303;7155;50;9702637442;S
20240227;100309;7155.5;14;9702638716;B
20240227;100314;7155;27;9702639938;S
20240227;100314;7155;2;9702639939;S
20240227;100314;7155;16;9702639940;S
20240227;100314;7155;5;9702639941;S
20240227;100317;7155;3;9702640653;S
20240227;100318;7155;1;9702640763;S
20240227;100323;7155;1;9702641607;S
20240227;100323;7155;1;9702641608;S
20240227;100323;7155;1;9702641609;S
20240227;100323;7155;4;9702641610;S
20240227;100324;7155;2;9702641785;S
20240227;100324;7155;4;9702641786;S
20240227;100325;7155;1;9702641950;S
20240227;100330;7155;3;9702643168;S
20240227;100332;7155;50;9702643473;S
20240227;100332;7155;197;9702643486;S
20240227;100332;7155;3;9702643487;S
20240227;100332;7155;6;9702643488;S
20240227;100332;7155;206;9702643493;S
20240227;100332;7155.5;1;9702643651;B
20240227;100333;7155.5;1;9702643795;B
20240227;100334;7155;206;9702644046;S
20240227;100334;7155;206;9702644048;S
20240227;100334;7155;206;9702644050;S
20240227;100335;7155.5;5;9702644091;B
20240227;100336;7155.5;1;9702644299;B
20240227;100338;7155.5;3;9702644751;B
20240227;100338;7155.5;7;9702644752;B
20240227;100340;7155;40;9702645177;S
20240227;100340;7155;10;9702645178;S
20240227;100341;7155.5;1;9702645308;B
20240227;100343;7155.5;1;9702645754;B
20240227;100347;7155.5;2;9702646465;B
20240227;100349;7155.5;4;9702646922;B
20240227;100352;7155;1;9702647380;S
20240227;100354;7155.5;1;9702647791;B
20240227;100354;7155.5;12;9702647792;B
20240227;100355;7155;25;9702647863;S
20240227;100355;7155.5;1;9702647997;B
20240227;100357;7155;9;9702648231;S
20240227;100357;7155;1;9702648234;S
20240227;100359;7155.5;3;9702648888;B
20240227;100401;7155;5;9702649258;S
20240227;100401;7155.5;10;9702649372;B
20240227;100403;7155;40;9702649589;S
20240227;100403;7155;10;9702649590;S
20240227;100403;7155;50;9702649591;S
20240227;100403;7155;106;9702649592;S
20240227;100403;7155;94;9702649593;S
20240227;100403;7155;80;9702649594;S
20240227;100403;7155;1;9702649771;B
20240227;100405;7154.5;1;9702650064;S
20240227;100406;7155.5;1;9702650172;B
20240227;100407;7154;1;9702650457;S
20240227;100407;7154;22;9702650458;S
20240227;100407;7153.5;6;9702650459;S
20240227;100407;7152.5;1;9702650460;S
20240227;100407;7152.5;70;9702650461;S
20240227;100407;7155.5;1;9702650514;B
20240227;100411;7155;10;9702651207;S
20240227;100411;7154.5;10;9702651208;S
20240227;100411;7154.5;6;9702651209;S
20240227;100411;7152.5;14;9702651210;S
20240227;100411;7152.5;10;9702651211;S
20240227;100414;7153.5;1;9702651754;S
20240227;100414;7152.5;3;9702651755;S
20240227;100414;7152.5;6;9702651756;S
20240227;100414;7152;146;9702651757;S
20240227;100416;7154.5;5;9702652290;B
20240227;100416;7154.5;6;9702652291;B
20240227;100416;7155;1;9702652292;B
20240227;100417;7155.5;1;9702652638;B
20240227;100417;7155.5;1;9702652639;B
20240227;100423;7153;10;9702653884;S
20240227;100424;7152.5;1;9702654205;S
20240227;100424;7152.5;6;9702654206;S
20240227;100424;7152;3;9702654207;S
20240227;100425;7152;1;9702654537;S
20240227;100425;7151;3;9702654538;S
20240227;100425;7151;10;9702654539;S
20240227;100430;7152.5;10;9702655512;B
20240227;100433;7151;1;9702656063;S
20240227;100434;7151;49;9702656253;S
20240227;100434;7151;5;9702656254;S
20240227;100434;7150;2;9702656255;S
20240227;100434;7150;1;9702656256;S
20240227;100434;7150;23;9702656257;S
20240227;100435;7150;1;9702656431;S
20240227;100435;7150.5;10;9702656614;S
20240227;100435;7150;6;9702656644;S
20240227;100437;7150;150;9702656992;S
20240227;100440;7151;1;9702657475;S
20240227;100440;7150;3;9702657476;S
20240227;100440;7150;166;9702657525;S
20240227;100440;7150;1;9702657526;S
20240227;100440;7150;2;9702657527;S
20240227;100440;7150;4;9702657528;S
20240227;100440;7150;2;9702657529;S
20240227;100440;7150;60;9702657530;S
20240227;100440;7150;5;9702657531;S
20240227;100440;7150;3;9702657532;S
20240227;100440;7150;1;9702657533;S
20240227;100440;7150;2;9702657534;S
20240227;100440;7150;1;9702657535;S
20240227;100440;7150;1;9702657536;S
20240227;100440;7149.5;73;9702657537;S
20240227;100440;7149.5;5;9702657538;S
20240227;100440;7149.5;24;9702657539;S
20240227;100441;7149.5;1;9702657603;S
20240227;100441;7149;4;9702657604;S
20240227;100441;7150;2;9702657656;S
20240227;100441;7150;1;9702657814;S
20240227;100443;7152.5;5;9702658287;B
20240227;100443;7152.5;1;9702658288;S
20240227;100443;7152.5;1;9702658289;S
20240227;100443;7152.5;3;9702658290;S
20240227;100447;7150.5;5;9702659219;S
20240227;100447;7150.5;1;9702659220;S
20240227;100449;7150.5;5;9702659504;S
20240227;100452;7151;6;9702659929;B
20240227;100452;7151;4;9702660030;S
20240227;100452;7150.5;40;9702660031;S
20240227;100452;7150;77;9702660032;S
20240227;100452;7150;50;9702660033;S
20240227;100452;7150;3;9702660034;S
20240227;100452;7149;296;9702660035;S
20240227;100452;7149;41;9702660036;S
20240227;100452;7149;1;9702660037;S
20240227;100452;7149;1;9702660038;S
20240227;100452;7149;5;9702660039;S
20240227;100452;7148.5;2;9702660040;S
20240227;100452;7148.5;10;9702660041;S
20240227;100452;7148.5;300;9702660042;S
20240227;100452;7148.5;70;9702660043;S
20240227;100452;7148;1;9702660044;S
20240227;100452;7148;1;9702660045;S
20240227;100452;7147;10;9702660046;S
20240227;100452;7145;1;9702660047;S
20240227;100452;7145;15;9702660048;S
20240227;100452;7145;3;9702660049;S
20240227;100452;7145;13;9702660050;S
20240227;100452;7145;6;9702660051;S
20240227;100452;7145;5;9702660052;S
20240227;100452;7145;3;9702660053;S
20240227;100452;7144.5;5;9702660054;S
20240227;100452;7144;50;9702660055;S
20240227;100452;7143;30;9702660056;S
20240227;100452;7143;61;9702660057;S
20240227;100452;7143.5;40;9702660059;S
20240227;100452;7143;10;9702660060;S
20240227;100452;7143;20;9702660061;S
20240227;100452;7142.5;5;9702660062;S
20240227;100452;7142.5;5;9702660063;S
20240227;100452;7142;1;9702660064;S
20240227;100452;7142;20;9702660065;S
20240227;100452;7141.5;57;9702660066;S
20240227;100452;7141.5;1;9702660067;S
20240227;100452;7141;7;9702660068;S
20240227;100452;7141;1;9702660146;S
20240227;100453;7143;3;9702660238;S
20240227;100453;7142.5;27;9702660239;S
20240227;100453;7142.5;6;9702660243;S
20240227;100453;7143;5;9702660280;B
20240227;100453;7144;88;9702660322;B
20240227;100453;7144.5;6;9702660323;B
20240227;100453;7145;6;9702660324;B
20240227;100456;7142.5;1;9702660661;S
20240227;100458;7142.5;4;9702661073;S
20240227;100458;7142.5;96;9702661074;S
20240227;100504;7144.5;50;9702662339;B
20240227;100505;7144;5;9702662653;S
20240227;100505;7143.5;6;9702662654;S
20240227;100505;7143;42;9702662655;S
20240227;100505;7142.5;47;9702662656;S
20240227;100508;7143;15;9702663338;B
20240227;100508;7141.5;6;9702663438;S
20240227;100508;7142.5;1;9702663443;B
20240227;100511;7142;2;9702664018;S
20240227;100514;7142.5;1;9702664400;S
20240227;100514;7142.5;1;9702664539;B
20240227;100515;7142;2;9702664617;S
20240227;100515;7142;6;9702664618;S
20240227;100515;7141.5;15;9702664619;S
20240227;100515;7141;12;9702664620;S
20240227;100515;7141;3;9702664621;S
20240227;100515;7141;1;9702664622;S
20240227;100515;7140;1;9702664623;S
20240227;100515;7140;1;9702664627;S
20240227;100515;7140;3;9702664628;S
20240227;100515;7140;4;9702664629;S
20240227;100518;7140;2;9702665221;S
20240227;100518;7140;1;9702665222;S
20240227;100518;7140;4;9702665261;S
20240227;100518;7140;2;9702665262;S
20240227;100518;7140;2;9702665263;S
20240227;100518;7140;10;9702665264;S
20240227;100518;7140;20;9702665265;S
20240227;100518;7140;1;9702665266;S
20240227;100518;7140;1;9702665267;S
20240227;100518;7140;10;9702665268;S
20240227;100519;7140;1;9702665493;S
20240227;100521;7143.5;1;9702665933;B
20240227;100521;7143.5;4;9702665934;B
20240227;100522;7142.5;3;9702666196;B
20240227;100522;7140;1;9702666281;S
20240227;100522;7140;11;9702666282;S
20240227;100525;7143;1;9702666688;B
20240227;100525;7142.5;6;9702666722;S
20240227;100525;7140.5;6;9702666723;S
20240227;100525;7140;89;9702666724;S
20240227;100525;7140;6;9702666725;S
20240227;100525;7140;100;9702666726;S
20240227;100525;7140;99;9702666727;S
20240227;100525;7140;42;9702666728;S
20240227;100525;7139.5;100;9702666729;S
20240227;100525;7139;52;9702666730;S
20240227;100525;7137.5;15;9702666928;S
20240227;100525;7142;2;9702666951;B
20240227;100527;7140.5;10;9702667237;B
20240227;100527;7140.5;5;9702667269;B
20240227;100530;7143.5;8;9702668082;B
20240227;100530;7143.5;32;9702668120;B
20240227;100530;7143.5;1;9702668121;B
20240227;100530;7144;6;9702668122;B
20240227;100530;7145;4;9702668123;B
20240227;100530;7145.5;1;9702668182;B
20240227;100530;7145.5;5;9702668187;B
20240227;100531;7146;6;9702668234;S
20240227;100532;7147;90;9702668496;B
20240227;100534;7145.5;42;9702668726;S
20240227;100534;7145.5;5;9702668727;S
20240227;100534;7145;3;9702668728;S
20240227;100534;7145.5;3;9702668897;S
20240227;100535;7145.5;39;9702668986;S
20240227;100535;7145;2;9702669034;S
20240227;100536;7145;118;9702669119;S
20240227;100536;7145.5;42;9702669297;S
20240227;100536;7145;43;9702669298;S
20240227;100537;7147.5;1;9702669315;B
20240227;100537;7148;1;9702669316;B
20240227;100537;7149;1;9702669317;B
20240227;100537;7149.5;2;9702669318;B
20240227;100537;7150.5;2;9702669454;B
20240227;100547;7150;1;9702671290;B
20240227;100552;7150.5;10;9702672080;S
20240227;100552;7150;7;9702672081;S
20240227;100552;7150;13;9702672082;S
20240227;100554;7150.5;5;9702672415;B
20240227;100554;7150;2;9702672416;S
20240227;100554;7150;71;9702672417;S
20240227;100557;7150;5;9702672830;S
20240227;100558;7150;1;9702673073;S
20240227;100558;7150;1;9702673074;S
20240227;100601;7150;7;9702673499;S
20240227;100601;7150;1;9702673500;S
20240227;100601;7150;12;9702673501;S
20240227;100608;7150;19;9702674569;S
20240227;100608;7150;15;9702674671;S
20240227;100608;7150;1;9702674672;S
20240227;100608;7147.5;5;9702674673;S
20240227;100608;7146;2;9702674674;S
20240227;100608;7146;5;9702674675;S
20240227;100608;7145.5;1;9702674676;S
20240227;100608;7145.5;1;9702674677;S
20240227;100608;7145.5;42;9702674678;S
20240227;100608;7145.5;15;9702674679;S
20240227;100608;7145;63;9702674680;S
20240227;100609;7150;5;9702674780;S
20240227;100612;7146.5;5;9702675408;S
20240227;100614;7146.5;1;9702675688;B
20240227;100615;7145.5;40;9702675972;S
20240227;100616;7146.5;10;9702676201;B
20240227;100620;7146;1;9702676759;B
20240227;100620;7146.5;1;9702676760;B
20240227;100622;7146.5;4;9702677030;B
20240227;100624;7147;1;9702677364;B
20240227;100625;7146.5;1;9702677619;S
20240227;100626;7147;3;9702677654;B
20240227;100627;7148;6;9702677914;B
20240227;100627;7148;4;9702677915;B
20240227;100631;7147;42;9702678431;B
20240227;100631;7147;50;9702678432;B
20240227;100631;7147;8;9702678433;B
20240227;100633;7147.5;6;9702678764;B
20240227;100636;7147.5;1;9702679213;S
20240227;100641;7148;10;9702679767;B
20240227;100643;7148;1;9702680136;B
20240227;100644;7147.5;1;9702680212;S
20240227;100649;7147.5;2;9702681121;S
20240227;100651;7149.5;5;9702681469;B
20240227;100651;7149.5;5;9702681470;B
20240227;100655;7147;5;9702682117;S
20240227;100655;7147.5;5;9702682155;B
20240227;100659;7147.5;5;9702682536;S
20240227;100659;7147;4;9702682537;S
20240227;100659;7146.5;5;9702682538;S
20240227;100659;7146.5;19;9702682539;S
20240227;100700;7148;1;9702682874;B
20240227;100701;7148;10;9702683022;B
20240227;100703;7148;5;9702683284;B
20240227;100704;7148;4;9702683464;B
20240227;100705;7148.5;10;9702683560;B
20240227;100705;7148;1;9702683563;S
20240227;100706;7148.5;7;9702683759;B
20240227;100708;7148;5;9702684120;S
20240227;100708;7147.5;2;9702684121;S
20240227;100709;7146;3;9702684331;S
20240227;100710;7146;1;9702684474;S
20240227;100710;7146.5;10;9702684496;B
20240227;100710;7146;1;9702684609;S
20240227;100712;7146;1;9702684779;B
20240227;100712;7146.5;1;9702684863;B
20240227;100714;7146.5;39;9702685027;B
20240227;100714;7147;611;9702685028;B
20240227;100716;7146;26;9702685422;S
20240227;100717;7147;1;9702685607;B
20240227;100720;7147;1;9702686016;B
20240227;100721;7147;6;9702686269;B
20240227;100722;7147;10;9702686430;B
20240227;100723;7147;1;9702686602;B
20240227;100726;7147;863;9702686875;B
20240227;100726;7147;6;9702686876;B
20240227;100726;7148;5;9702686877;B
20240227;100726;7149;50;9702686878;B
20240227;100726;7149;5;9702686883;S
20240227;100726;7149.5;20;9702686938;B
20240227;100729;7149.5;42;9702687428;S
20240227;100729;7149.5;20;9702687429;S
20240227;100729;7149.5;10;9702687430;S
20240227;100729;7149.5;20;9702687431;S
20240227;100729;7149;208;9702687432;S
20240227;100730;7149;50;9702687536;S
20240227;100730;7149;1;9702687544;S
20240227;100732;7149;3;9702687634;S
20240227;100732;7147;7;9702687635;S
20240227;100732;7147;1;9702687711;S
20240227;100733;7147;1;9702687755;S
20240227;100733;7149;7;9702687758;B
20240227;100746;7149.5;20;9702690391;B
20240227;100749;7149;1;9702690952;S
20240227;100753;7149.5;10;9702691567;B
20240227;100754;7149.5;20;9702691703;B
20240227;100754;7149.5;3;9702691763;B
20240227;100757;7149.5;2;9702692336;B
20240227;100757;7149.5;69;9702692337;B
20240227;100757;7150;1;9702692338;B
20240227;100757;7150;28;9702692339;B
20240227;100757;7150;30;9702692359;B
20240227;100759;7149.5;15;9702692613;S
20240227;100804;7150;10;9702693545;B
20240227;100805;7149.5;4;9702693685;S
20240227;100806;7149.5;10;9702693978;S
20240227;100810;7149.5;1;9702694814;S
20240227;100810;7150;2;9702694838;B
20240227;100810;7149.5;1;9702694839;S
20240227;100810;7149.5;1;9702694840;S
20240227;100811;7149.5;1;9702694935;S
20240227;100812;7150;2;9702695166;B
20240227;100812;7149.5;1;9702695208;S
20240227;100812;7149.5;1;9702695209;S
20240227;100813;7150;10;9702695330;B
20240227;100814;7149.5;2;9702695648;S
20240227;100815;7150;17;9702695750;B
20240227;100815;7149.5;1;9702695858;S
20240227;100815;7149.5;1;9702695859;S
20240227;100819;7149.5;4;9702696413;S
20240227;100819;7149.5;6;9702696414;S
20240227;100819;7150;10;9702696417;B
20240227;100819;7149.5;1;9702696435;S
20240227;100819;7149.5;1;9702696436;S
20240227;100819;7150;1;9702696585;B
20240227;100822;7150;1;9702697135;B
20240227;100822;7149.5;1;9702697138;S
20240227;100822;7149.5;2;9702697154;S
20240227;100822;7149.5;1;9702697155;S
20240227;100824;7149.5;1;9702697623;S
20240227;100824;7149.5;1;9702697653;S
20240227;100824;7149.5;1;9702697656;S
20240227;100824;7149.5;1;9702697694;S
20240227;100824;7149.5;2;9702697695;S
20240227;100824;7150;3;9702697717;B
20240227;100825;7149.5;1;9702698033;S
20240227;100825;7150;2;9702698085;B
20240227;100825;7149.5;3;9702698110;S
20240227;100825;7149.5;1;9702698127;S
20240227;100825;7149.5;1;9702698128;S
20240227;100831;7149.5;4;9702699108;S
20240227;100836;7150;10;9702700038;B
20240227;100838;7150;10;9702700367;B
20240227;100840;7149.5;9;9702700794;S
20240227;100840;7149.5;10;9702700795;S
20240227;100841;7150;1;9702700839;B
20240227;100844;7150;25;9702701286;B
20240227;100844;7150;10;9702701420;B
20240227;100844;7150;100;9702701423;B
20240227;100847;7149.5;42;9702702173;S
20240227;100847;7149;2;9702702174;S
20240227;100847;7149;10;9702702175;S
20240227;100847;7149;10;9702702176;S
20240227;100847;7149;1;9702702177;S
20240227;100847;7149;5;9702702178;S
20240227;100847;7149;5;9702702179;S
20240227;100847;7149;2;9702702180;S
20240227;100847;7149;7;9702702181;S
20240227;100847;7149;166;9702702182;S
20240227;100849;7147.5;42;9702702415;S
20240227;100849;7147;11;9702702416;S
20240227;100849;7147;87;9702702417;S
20240227;100849;7147.5;1;9702702507;S
20240227;100852;7149.5;10;9702702968;B
20240227;100856;7149;1;9702703673;S
20240227;100857;7149.5;1;9702703821;B
20240227;100900;7149;1;9702704180;S
20240227;100903;7149.5;1;9702704692;B
20240227;100905;7149;1;9702704975;S
20240227;100908;7149;7;9702705502;S
20240227;100908;7149;1;9702705503;S
20240227;100911;7149;2;9702706143;S
20240227;100911;7149;10;9702706144;S
20240227;100911;7149;1;9702706145;S
20240227;100911;7148.5;39;9702706146;S
20240227;100911;7148.5;11;9702706147;S
20240227;100912;7147;1;9702706528;S
20240227;100913;7147;12;9702706795;S
20240227;100913;7147;7;9702706796;S
20240227;100913;7147;1;9702706797;S
20240227;100913;7147;5;9702706798;S
20240227;100915;7146.5;2;9702707225;B
20240227;100915;7146.5;1;9702707353;B
20240227;100917;7146.5;1;9702707990;B
20240227;100918;7146;9;9702708208;S
20240227;100918;7146;14;9702708209;S
20240227;100918;7145.5;1;9702708210;S
20240227;100918;7145.5;12;9702708211;S
20240227;100918;7145.5;5;9702708212;S
20240227;100918;7145.5;7;9702708213;S
20240227;100918;7145.5;10;9702708214;S
20240227;100918;7145;42;9702708215;S
20240227;100922;7146;1;9702708995;B
20240227;100922;7146;4;9702709058;B
20240227;100923;7146.5;1;9702709237;B
20240227;100930;7146;5;9702710608;S
20240227;100931;7146;5;9702710652;S
20240227;100931;7145.5;25;9702710653;S
20240227;100931;7145.5;10;9702710654;S
20240227;100931;7145.5;1;9702710655;S
20240227;100931;7145.5;20;9702710656;S
20240227;100931;7145;3;9702710657;S
20240227;100932;7145.5;5;9702710836;B
20240227;100932;7145;1;9702710846;S
20240227;100933;7145.5;14;9702711066;B
20240227;100934;7145.5;2;9702711277;B
20240227;100941;7145;1;9702712595;S
20240227;100941;7145;30;9702712767;S
20240227;100943;7145;1;9702713026;S
20240227;100945;7145;20;9702713631;S
20240227;100950;7145;130;9702714505;S
20240227;100950;7145;70;9702714506;S
20240227;100951;7145;2;9702714775;S
20240227;100952;7145.5;10;9702714949;B
20240227;100952;7145;1;9702714950;S
20240227;100957;7145.5;4;9702716367;B
20240227;100957;7145;10;9702716392;S
20240227;101000;7145.5;2;9702717026;B
20240227;101001;7145;17;9702717460;S
20240227;101001;7145;1;9702717461;S
20240227;101001;7145;42;9702717462;S
20240227;101001;7145;8;9702717480;S
20240227;101001;7145;1;9702717481;S
20240227;101001;7145;2;9702717482;S
20240227;101001;7145;1;9702717483;S
20240227;101001;7145;1;9702717484;S
20240227;101001;7145;8;9702717485;S
20240227;101009;7145.5;10;9702718975;B
20240227;101009;7145.5;5;9702718980;B
20240227;101009;7145;10;9702719091;S
20240227;101011;7145;1;9702719592;S
20240227;101011;7145;1;9702719593;S
20240227;101011;7145;10;9702719594;S
20240227;101011;7145;1;9702719595;S
20240227;101011;7145;7;9702719596;S
20240227;101011;7145;83;9702719648;S
20240227;101011;7145;1;9702719649;S
20240227;101011;7145;10;9702719650;S
20240227;101011;7145;10;9702719651;S
20240227;101011;7145;10;9702719652;S
20240227;101011;7145;1;9702719653;S
20240227;101011;7145;10;9702719654;S
20240227;101011;7145;1;9702719655;S
20240227;101011;7145;5;9702719656;S
20240227;101011;7145;55;9702719657;S
20240227;101011;7144.5;10;9702719658;S
20240227;101011;7144.5;7;9702719659;S
20240227;101011;7144.5;63;9702719660;S
20240227;101012;7143.5;1;9702719742;S
20240227;101012;7143.5;8;9702719777;B
20240227;101012;7143.5;5;9702719778;B
20240227;101015;7143.5;20;9702721125;B
20240227;101018;7143;2;9702721517;S
20240227;101019;7143.5;9;9702721696;B
20240227;101023;7143;1;9702722415;S
20240227;101023;7143;1;9702722416;S
20240227;101023;7143;1;9702722417;S
20240227;101024;7143;1;9702722620;S
20240227;101026;7143.5;3;9702723150;B
20240227;101029;7143;1;9702723862;S
20240227;101030;7143;1;9702724006;S
20240227;101031;7143.5;1;9702724037;B
20240227;101031;7143.5;2;9702724063;B
20240227;101034;7143;15;9702724634;S
20240227;101039;7143;2;9702725707;S
20240227;101040;7143;1;9702725875;S
20240227;101048;7143.5;3;9702727392;B
20240227;101048;7143.5;6;9702727449;B
20240227;101049;7143;5;9702727499;S
20240227;101050;7143.5;1;9702727782;B
20240227;101050;7143.5;5;9702727802;B
20240227;101055;7143.5;6;9702728401;B
20240227;101055;7143.5;1;9702728439;B
20240227;101055;7143;1;9702728454;S
20240227;101055;7143;10;9702728506;S
20240227;101103;7143;3;9702729597;S
20240227;101105;7143;1;9702730134;S
20240227;101109;7143;4;9702730888;S
20240227;101113;7143;14;9702731529;S
20240227;101113;7143;10;9702731530;S
20240227;101113;7143;10;9702731531;S
20240227;101113;7143;30;9702731532;S
20240227;101113;7143;1;9702731654;S
20240227;101114;7143;1;9702731916;S
20240227;101129;7143.5;1;9702734224;B
20240227;101135;7143.5;1;9702735126;B
20240227;101138;7143;20;9702735364;S
20240227;101139;7143;3;9702735480;S
20240227;101142;7143.5;1;9702735987;B
20240227;101142;7143.5;2;9702735988;B
20240227;101148;7143;5;9702736847;S
20240227;101148;7143;5;9702736848;S
20240227;101149;7143;2;9702737049;S
20240227;101151;7143;1;9702737235;S
20240227;101151;7143;9;9702737236;S
20240227;101151;7143;1;9702737241;S
20240227;101207;7143.5;10;9702739456;B
20240227;101209;7143;10;9702739770;S
20240227;101213;7143.5;1;9702740216;B
20240227;101213;7143;1;9702740283;S
20240227;101213;7143.5;12;9702740315;B
20240227;101215;7143;2;9702740576;S
20240227;101222;7143.5;14;9702741517;B
20240227;101226;7143.5;4;9702742383;B
20240227;101226;7143.5;16;9702742384;B
20240227;101229;7143.5;1;9702742748;B
20240227;101234;7143.5;69;9702743506;B
20240227;101234;7143.5;1;9702743507;B
20240227;101234;7144;1;9702743508;B
20240227;101234;7144;1;9702743509;B
20240227;101234;7144.5;4;9702743510;B
20240227;101234;7145;13;9702743511;B
20240227;101234;7145;1;9702743512;B
20240227;101234;7145;10;9702743513;B
20240227;101234;7145;15;9702743514;B
20240227;101234;7146;1;9702743515;B
20240227;101234;7146;4;9702743516;B
20240227;101234;7146.5;4;9702743524;B
20240227;101234;7147;1;9702743525;B
20240227;101239;7148;5;9702744375;B
20240227;101245;7147.5;7;9702745387;S
20240227;101245;7147.5;93;9702745388;S
20240227;101246;7147.5;1;9702745449;S
20240227;101246;7148;1;9702745547;B
20240227;101247;7148;1;9702745637;B
20240227;101248;7147.5;7;9702745822;S
20240227;101248;7147.5;50;9702745823;S
20240227;101248;7147;20;9702745824;S
20240227;101248;7147;7;9702745825;S
20240227;101248;7146.5;10;9702745826;S
20240227;101248;7146.5;10;9702745827;S
20240227;101254;7148;3;9702746717;B
20240227;101301;7148;4;9702747787;B
20240227;101304;7147;1;9702748343;S
20240227;101304;7148;1;9702748411;B
20240227;101306;7148;5;9702748777;B
20240227;101306;7148;20;9702748778;B
20240227;101306;7148;4;9702748779;B
20240227;101306;7148;2;9702748780;B
20240227;101306;7148;2;9702748781;B
20240227;101306;7148;29;9702748782;B
20240227;101306;7149;9;9702748785;B
20240227;101310;7149;14;9702749404;S
20240227;101312;7149.5;2;9702749723;B
20240227;101319;7149.5;18;9702751018;B
20240227;101325;7149;1;9702752256;S
20240227;101330;7149;2;9702753122;S
20240227;101335;7149.5;1;9702753989;S
20240227;101335;7149.5;4;9702753990;S
20240227;101337;7150;4;9702754124;B
20240227;101339;7150;2;9702754350;B
20240227;101339;7150;2;9702754435;B
20240227;101343;7149.5;1;9702754955;S
20240227;101351;7150;1;9702755894;B
20240227;101351;7150;1;9702755944;B
20240227;101351;7150;4;9702755987;B
20240227;101352;7150;10;9702756120;B
20240227;101353;7149.5;1;9702756187;S
20240227;101354;7149.5;1;9702756348;S
20240227;101354;7150;10;9702756349;B
20240227;101354;7150;2;9702756350;B
20240227;101357;7150;3;9702756737;B
20240227;101358;7150;1;9702756833;B
20240227;101359;7149.5;2;9702756998;S
20240227;101400;7150;4;9702757113;B
20240227;101400;7150;3;9702757114;B
20240227;101400;7150;12;9702757115;B
20240227;101402;7150;3;9702757301;B
20240227;101402;7150;1;9702757302;B
20240227;101404;7149.5;1;9702757560;S
20240227;101406;7150;2;9702757856;B
20240227;101406;7150;4;9702757860;B
20240227;101411;7149.5;3;9702758672;S
20240227;101416;7150;1;9702759451;B
20240227;101422;7150;2;9702760431;B
20240227;101423;7150;1;9702760596;B
20240227;101436;7150;2;9702762544;B
20240227;101438;7149.5;10;9702762910;S
20240227;101439;7150;2;9702763072;B
20240227;101440;7150;1;9702763212;B
20240227;101452;7149.5;15;9702765174;S
20240227;101456;7149.5;5;9702765633;S
20240227;101456;7149.5;6;9702765634;S
20240227;101456;7149;1;9702765635;S
20240227;101456;7149;11;9702765636;S
20240227;101500;7150;1;9702766232;B
20240227;101500;7149;1;9702766340;S
20240227;101502;7149;1;9702766646;S
20240227;101502;7148.5;9;9702766647;S
20240227;101502;7148.5;1;9702766648;S
20240227;101502;7148.5;17;9702766649;S
20240227;101507;7148.5;10;9702767700;S
20240227;101517;7149.5;1;9702770604;B
20240227;101518;7150;2;9702770674;B
20240227;101522;7149;1;9702771466;S
20240227;101523;7149;2;9702771724;S
20240227;101523;7150;1;9702771727;B
20240227;101529;7150;1;9702772877;B
20240227;101530;7150;1;9702773148;B
20240227;101533;7150;8;9702773785;B
20240227;101533;7150;3;9702773786;B
20240227;101533;7150;10;9702773787;B
20240227;101533;7150;2;9702773788;B
20240227;101533;7150;5;9702773789;B
20240227;101533;7150;1;9702773790;B
20240227;101536;7150;7;9702774251;S
20240227;101538;7150;1;9702774692;S
20240227;101542;7150;23;9702775197;S
20240227;101542;7150;1;9702775198;S
20240227;101542;7150;1;9702775199;S
20240227;101542;7150;5;9702775200;S
20240227;101545;7150.5;3;9702776030;B
20240227;101545;7150.5;47;9702776044;B
20240227;101546;7150.5;20;9702776160;B
20240227;101546;7150.5;2;9702776213;B
20240227;101546;7150.5;9;9702776214;B
20240227;101546;7150.5;2;9702776215;B
20240227;101546;7150;5;9702776243;S
20240227;101546;7150;5;9702776244;S
20240227;101546;7150;50;9702776245;S
20240227;101546;7150;50;9702776246;S
20240227;101546;7150;50;9702776247;S
20240227;101546;7150;30;9702776248;S
20240227;101546;7149.5;60;9702776249;S
20240227;101546;7149.5;2;9702776250;S
20240227;101546;7149.5;80;9702776251;S
20240227;101546;7149.5;5;9702776252;S
20240227;101546;7149.5;50;9702776253;S
20240227;101546;7149.5;11;9702776254;S
20240227;101546;7149;11;9702776255;S
20240227;101546;7149;1;9702776256;S
20240227;101546;7148.5;59;9702776257;S
20240227;101546;7148.5;11;9702776258;S
20240227;101546;7148;20;9702776259;S
20240227;101546;7148;1;9702776260;S
20240227;101546;7148;70;9702776261;S
20240227;101604;7148;10;9702779858;B
20240227;101606;7148;14;9702780113;B
20240227;101606;7148;11;9702780305;B
20240227;101607;7148;1;9702780360;B
20240227;101613;7147.5;1;9702781371;S
20240227;101614;7148;1;9702781646;B
20240227;101615;7147.5;9;9702781709;S
20240227;101617;7148;10;9702781946;B
20240227;101617;7148;12;9702782051;B
20240227;101619;7148;3;9702782404;B
20240227;101619;7148;1;9702782442;B
20240227;101619;7148;1;9702782496;B
20240227;101622;7148;1;9702782787;B
20240227;101624;7147.5;1;9702783138;S
20240227;101625;7148;1;9702783221;B
20240227;101626;7148;7;9702783345;B
20240227;101626;7148;7;9702783373;B
20240227;101633;7148;10;9702784327;B
20240227;101634;7147.5;50;9702784448;S
20240227;101639;7148;1;9702784981;B
20240227;101639;7148;10;9702785031;B
20240227;101643;7147.5;1;9702785661;S
20240227;101646;7148;10;9702785945;B
20240227;101652;7148;1;9702786815;B
20240227;101653;7148;3;9702786877;B
20240227;101655;7147.5;8;9702787250;S
20240227;101655;7147.5;11;9702787251;S
20240227;101655;7147.5;1;9702787252;S
20240227;101655;7147.5;1;9702787253;S
20240227;101655;7147.5;1;9702787254;S
20240227;101655;7147.5;108;9702787255;S
20240227;101656;7148;20;9702787377;B
20240227;101657;7147.5;3;9702787482;S
20240227;101700;7147.5;4;9702787836;S
20240227;101700;7148;1;9702787846;B
20240227;101701;7148;10;9702787891;B
20240227;101706;7148;5;9702788712;B
20240227;101710;7147.5;20;9702789089;S
20240227;101717;7147.5;5;9702790091;S
20240227;101718;7147.5;10;9702790308;S
20240227;101718;7147.5;1;9702790309;S
20240227;101718;7147.5;7;9702790310;S
20240227;101724;7147.5;20;9702791010;B
20240227;101733;7147.5;1;9702791954;S
20240227;101741;7148;2;9702792833;B
20240227;101753;7148;1;9702794623;B
20240227;101758;7148;1;9702795063;B
20240227;101758;7147.5;1;9702795155;S
20240227;101811;7147.5;1;9702796811;S
20240227;101812;7148;1;9702796878;B
20240227;101812;7147.5;17;9702796978;S
20240227;101812;7147.5;11;9702796979;S
20240227;101812;7147.5;20;9702796980;S
20240227;101816;7148;1;9702797435;B
20240227;101819;7148;2;9702797721;B
20240227;101824;7148;1;9702798286;B
20240227;101829;7147.5;9;9702798690;S
20240227;101833;7148;1;9702799130;B
20240227;101836;7148;18;9702799514;B
20240227;101836;7148;2;9702799515;B
20240227;101836;7148;3;9702799516;B
20240227;101837;7147.5;2;9702799585;S
20240227;101843;7148;1;9702800173;B
20240227;101848;7147.5;5;9702800691;S
20240227;101854;7147.5;5;9702801196;S
20240227;101854;7147.5;5;9702801197;S
20240227;101854;7147.5;5;9702801275;S
20240227;101906;7147.5;1;9702802419;S
20240227;101906;7147.5;2;9702802420;S
20240227;101906;7147.5;1;9702802421;S
20240227;101906;7147.5;1;9702802422;S
20240227;101906;7147.5;6;9702802423;S
20240227;101906;7147;4;9702802424;S
20240227;101906;7148;2;9702802435;B
20240227;101910;7148;44;9702802889;B
20240227;101912;7148;2;9702803119;B
20240227;101912;7148;4;9702803120;B
20240227;101912;7148;10;9702803121;B
20240227;101912;7148;3;9702803139;B
20240227;101912;7147.5;5;9702803144;S
20240227;101913;7148;10;9702803284;B
20240227;101914;7148;10;9702803353;B
20240227;101919;7148;3;9702803866;B
20240227;101920;7148;1;9702803897;B
20240227;101920;7148;2;9702803898;B
20240227;101922;7148;20;9702804066;B
20240227;101922;7148;2;9702804149;B
20240227;101924;7148;20;9702804272;B
20240227;101925;7148;10;9702804357;B
20240227;101925;7148;6;9702804358;B
20240227;101925;7148;14;9702804383;B
20240227;101926;7148;1;9702804547;B
20240227;101927;7148;1;9702804586;B
20240227;101928;7148;3;9702804693;B
20240227;101928;7148;1;9702804694;B
20240227;101928;7148;1;9702804727;B
20240227;101928;7148;1;9702804728;B
20240227;101929;7148;12;9702804826;B
20240227;101930;7148;1;9702804842;B
20240227;101930;7147.5;6;9702804887;S
20240227;101930;7147.5;24;9702804888;S
20240227;101930;7148;11;9702804889;B
20240227;101930;7148;20;9702804896;B
20240227;101933;7148;2;9702805122;B
20240227;101934;7148;15;9702805253;B
20240227;101934;7148;7;9702805254;B
20240227;101935;7147.5;1;9702805422;S
20240227;101935;7148;3;9702805423;B
20240227;101937;7148;5;9702805658;B
20240227;101942;7148;2;9702806161;B
20240227;101942;7148;1;9702806162;B
20240227;101942;7148;2;9702806163;B
20240227;101945;7148;1;9702806472;B
20240227;101945;7148;2;9702806473;B
20240227;101945;7148;2;9702806474;B
20240227;101946;7148;1;9702806563;B
20240227;101949;7147.5;2;9702806917;S
20240227;101952;7148;12;9702807345;B
20240227;101956;7148;3;9702807760;B
20240227;101956;7148;8;9702807761;B
20240227;101957;7147.5;5;9702807848;S
20240227;101957;7148;1;9702807849;B
20240227;101957;7148;150;9702807852;B
20240227;101958;7148;1;9702808036;B
20240227;101959;7148;74;9702808168;B
20240227;101959;7148;74;9702808169;B
20240227;101959;7148;13;9702808170;B
20240227;102001;7148;140;9702808370;B
20240227;102001;7148;5;9702808489;B
20240227;102002;7147.5;7;9702808636;S
20240227;102002;7148;6;9702808637;B
20240227;102002;7148;18;9702808638;B
20240227;102002;7148;11;9702808639;B
20240227;102002;7148;4;9702808657;B
20240227;102002;7148;13;9702808658;B
20240227;102002;7148;5;9702808659;B
20240227;102003;7148;1;9702808744;B
20240227;102003;7148;3;9702808745;B
20240227;102004;7148;1;9702808936;B
20240227;102004;7148;16;9702808937;B
20240227;102005;7148;3;9702809093;B
20240227;102009;7148;23;9702809543;B
20240227;102009;7148;16;9702809605;B
20240227;102009;7147.5;35;9702809634;S
20240227;102009;7147.5;70;9702809635;S
20240227;102009;7147.5;20;9702809636;S
20240227;102009;7147.5;10;9702809637;S
20240227;102009;7147.5;5;9702809638;S
20240227;102009;7147.5;160;9702809639;S
20240227;102009;7148;1;9702809640;B
20240227;102010;7148;1;9702809878;B
20240227;102011;7148;138;9702809990;B
20240227;102011;7148;8;9702810002;B
20240227;102011;7148;1;9702810003;B
20240227;102011;7148;1;9702810004;B
20240227;102011;7148;14;9702810005;B
20240227;102011;7148;2;9702810041;B
20240227;102012;7148;17;9702810126;B
20240227;102013;7148;15;9702810468;B
20240227;102016;7148;22;9702810874;B
20240227;102017;7148;10;9702811036;B
20240227;102018;7148;20;9702811138;B
20240227;102018;7148;10;9702811164;B
20240227;102018;7148;10;9702811165;B
20240227;102022;7148;1;9702814926;B
20240227;102023;7148;1;9702814953;B
20240227;102023;7148;1;9702815082;B
20240227;102024;7148;1;9702815146;B
20240227;102025;7148;23;9702815326;B
20240227;102025;7148;2;9702815327;B
20240227;102025;7148;5;9702815401;B
20240227;102028;7148;1;9702815793;B
20240227;102030;7148;62;9702817138;B
20240227;102030;7148;2;9702817139;B
20240227;102030;7148;1;9702817140;B
20240227;102033;7148;19;9702817645;B
20240227;102034;7148;4;9702817678;B
20240227;102036;7147.5;30;9702820515;S
20240227;102036;7148;1;9702820516;B
20240227;102036;7148;2;9702820522;B
20240227;102037;7147.5;10;9702821602;S
20240227;102037;7147.5;10;9702821603;S
20240227;102037;7148;1;9702821629;B
20240227;102041;7148;1;9702822379;B
20240227;102046;7148;1;9702825081;B
20240227;102053;7147.5;1;9702827333;S
20240227;102053;7147.5;49;9702827334;S
20240227;102053;7148;1;9702827335;B
20240227;102055;7148;1;9702827806;B
20240227;102055;7148;1;9702827807;B
20240227;102055;7148;1;9702827808;B
20240227;102055;7148;1;9702827809;B
20240227;102055;7148;1;9702827810;B
20240227;102055;7148;1;9702827811;B
20240227;102056;7148;1;9702827843;B
20240227;102056;7148;1;9702827844;B
20240227;102056;7148;9;9702827845;B
20240227;102056;7148;1;9702827846;B
20240227;102056;7148;1;9702827847;B
20240227;102057;7148;1;9702828012;B
20240227;102100;7148;10;9702829524;B
20240227;102100;7148;1;9702829560;B
20240227;102102;7148;4;9702830077;B
20240227;102102;7148;25;9702830078;B
20240227;102102;7148;29;9702830079;B
20240227;102102;7148;21;9702830101;B
20240227;102104;7148;9;9702830306;B
20240227;102105;7148;3;9702830874;B
20240227;102106;7148;10;9702831124;B
20240227;102109;7148;10;9702832299;B
20240227;102109;7148;2;9702832300;B
20240227;102110;7148;1;9702833204;B
20240227;102111;7148;12;9702833258;B
20240227;102113;7148;6;9702833719;B
20240227;102118;7148;66;9702835075;B
20240227;102127;7147.5;13;9702837825;S
20240227;102127;7148;1;9702837939;B
20240227;102130;7147.5;7;9702838988;S
20240227;102130;7147.5;2;9702839378;S
20240227;102134;7148;2;9702840157;B
20240227;102142;7148;3;9702843191;B
20240227;102151;7148;20;9702845703;B
20240227;102151;7148;34;9702845892;B
20240227;102151;7148;1;9702845893;B
20240227;102151;7148;5;9702845894;B
20240227;102154;7148;10;9702846312;B
20240227;102154;7148;38;9702846625;B
20240227;102155;7148;1;9702846703;B
20240227;102158;7148;13;9702848277;B
20240227;102158;7148;2;9702848278;B
20240227;102158;7148;4;9702848279;B
20240227;102158;7148;3;9702848280;B
20240227;102200;7148;1;9702848478;B
20240227;102200;7148;2;9702848479;B
20240227;102204;7148;3;9702849141;B
20240227;102206;7148;2;9702850906;B
20240227;102211;7148;3;9702852129;B
20240227;102211;7148;3;9702852260;B
20240227;102212;7148;1;9702852735;B
20240227;102214;7148;1;9702853817;B
20240227;102214;7148;12;9702854142;B
20240227;102215;7148;1;9702854182;B
20240227;102215;7148;3;9702854208;B
20240227;102215;7148;1;9702854526;B
20240227;102220;7148;1;9702855493;B
20240227;102220;7148;2;9702855578;B
20240227;102221;7147.5;50;9702855731;S
20240227;102221;7147.5;19;9702855745;S
20240227;102221;7147.5;3;9702855746;S
20240227;102221;7147.5;34;9702855747;S
20240227;102223;7148;1;9702858486;B
20240227;102224;7147.5;7;9702858539;S
20240227;102227;7148;2;9702859661;B
20240227;102227;7148;2;9702860106;B
20240227;102232;7147.5;2;9702861361;S
20240227;102232;7148;3;9702861362;B
20240227;102234;7148;3;9702862390;B
20240227;102241;7148;10;9702864101;B
20240227;102242;7148;102;9702864436;B
20240227;102242;7149;112;9702864438;B
20240227;102242;7149;2;9702864449;B
20240227;102243;7149;5;9702864619;B
20240227;102243;7149.5;1;9702864620;B
20240227;102243;7150;1;9702864621;B
20240227;102243;7150;3;9702864622;B
20240227;102243;7150.5;2;9702864623;B
20240227;102243;7151;2;9702864633;B
20240227;102243;7151;5;9702864634;B
20240227;102243;7151;7;9702864635;B
20240227;102243;7152;1;9702864647;B
20240227;102243;7152;1;9702864657;B
20240227;102243;7152;3;9702864659;B
20240227;102243;7152;4;9702864690;B
20240227;102243;7152;1;9702864691;B
20240227;102243;7152.5;23;9702864692;B
20240227;102251;7152.5;2;9702867547;B
20240227;102251;7152.5;1;9702867605;B
20240227;102251;7152.5;1;9702867606;B
20240227;102251;7152.5;1;9702867607;B
20240227;102251;7152.5;1;9702867617;B
20240227;102251;7152.5;1;9702867618;B
20240227;102251;7152.5;1;9702867619;B
20240227;102251;7152.5;1;9702867620;B
20240227;102251;7152.5;1;9702867632;B
20240227;102251;7152.5;1;9702867633;B
20240227;102251;7152.5;1;9702867637;B
20240227;102251;7152.5;1;9702867648;B
20240227;102251;7152.5;1;9702867704;B
20240227;102251;7152.5;1;9702867717;B
20240227;102251;7152.5;1;9702867722;B
20240227;102251;7152.5;1;9702867727;B
20240227;102251;7152.5;1;9702867732;B
20240227;102255;7152.5;5;9702869118;S
20240227;102255;7153;3;9702869119;B
20240227;102256;7152.5;1;9702869862;S
20240227;102258;7152.5;1;9702870591;S
20240227;102259;7153;2;9702870618;B
20240227;102259;7153.5;10;9702870723;S
20240227;102259;7153;10;9702870724;S
20240227;102259;7153;10;9702870725;S
20240227;102259;7153;10;9702870726;S
20240227;102259;7152.5;11;9702870727;S
20240227;102259;7152.5;28;9702870728;S
20240227;102301;7153.5;2;9702871245;B
20240227;102306;7153.5;8;9702873260;B
20240227;102306;7153.5;9;9702873261;B
20240227;102306;7154;15;9702873262;B
20240227;102306;7154;2;9702873263;B
20240227;102306;7154;2;9702873264;B
20240227;102306;7154.5;21;9702873265;B
20240227;102306;7154.5;1;9702873266;B
20240227;102306;7154.5;1;9702873267;B
20240227;102306;7154.5;1;9702873268;B
20240227;102306;7154.5;13;9702873269;B
20240227;102306;7154.5;42;9702873270;B
20240227;102306;7155;15;9702873271;B
20240227;102307;7153.5;4;9702873343;B
20240227;102310;7153;1;9702874584;S
20240227;102318;7153;1;9702877103;S
20240227;102318;7153;1;9702877104;S
20240227;102318;7153;2;9702877105;S
20240227;102318;7153;1;9702877106;S
20240227;102318;7153;1;9702877107;S
20240227;102318;7153;8;9702877108;S
20240227;102318;7153.5;9;9702877110;B
20240227;102318;7154;1;9702877111;B
20240227;102325;7154;1;9702879005;B
20240227;102325;7153;1;9702879053;S
20240227;102326;7154.5;2;9702879189;B
20240227;102327;7154.5;1;9702879272;B
20240227;102328;7153.5;30;9702880123;S
20240227;102330;7153.5;2;9702881285;S
20240227;102332;7154;30;9702881841;S
20240227;102332;7154.5;9;9702881905;B
20240227;102332;7154.5;1;9702881906;B
20240227;102338;7154.5;20;9702883714;B
20240227;102339;7154;10;9702883764;S
20240227;102339;7154;1;9702883765;S
20240227;102339;7153.5;9;9702883766;S
20240227;102341;7154.5;13;9702884735;B
20240227;102341;7155;37;9702884736;B
20240227;102343;7155;298;9702885432;B
20240227;102343;7155;5;9702885433;B
20240227;102343;7155;6;9702885434;B
20240227;102343;7155;1;9702885435;B
20240227;102343;7155;11;9702885436;B
20240227;102343;7155;9;9702885437;B
20240227;102343;7155;10;9702885438;B
20240227;102343;7155.5;1;9702885439;B
20240227;102343;7155.5;1;9702885440;B
20240227;102343;7155.5;60;9702885441;B
20240227;102343;7155.5;5;9702885442;B
20240227;102343;7156;1;9702885443;B
20240227;102343;7156;2;9702885444;B
20240227;102343;7156;34;9702885445;B
20240227;102343;7156.5;1;9702885446;B
20240227;102343;7156.5;22;9702885447;B
20240227;102343;7157;33;9702885448;B
20240227;102344;7155;4;9702885537;S
20240227;102344;7154.5;30;9702885538;S
20240227;102344;7156.5;10;9702885620;B
20240227;102351;7156;1;9702888038;S
20240227;102355;7156.5;50;9702888688;B
20240227;102355;7156.5;10;9702888689;B
20240227;102355;7156.5;50;9702888690;B
20240227;102355;7157;117;9702888691;B
20240227;102355;7157;20;9702888692;B
20240227;102355;7157;1;9702888693;B
20240227;102355;7157;50;9702888694;B
20240227;102355;7157;60;9702888695;B
20240227;102355;7157;9;9702888696;B
20240227;102355;7157;5;9702888697;B
20240227;102355;7157;28;9702888698;S
20240227;102355;7156;1;9702888718;S
20240227;102358;7155.5;2;9702890165;S
20240227;102358;7155;1;9702890166;S
20240227;102358;7155;1;9702890167;S
20240227;102358;7155;5;9702890168;S
20240227;102358;7155;22;9702890169;S
20240227;102358;7155;23;9702890170;S
20240227;102358;7155;10;9702890171;S
20240227;102359;7154.5;1;9702890351;S
20240227;102400;7154.5;10;9702890755;S
20240227;102400;7154;9;9702890756;S
20240227;102401;7154.5;3;9702891445;B
20240227;102402;7154.5;10;9702891836;S
20240227;102402;7154;4;9702891837;S
20240227;102406;7155;1;9702893349;S
20240227;102406;7155;2;9702893350;S
20240227;102407;7155.5;9;9702894099;B
20240227;102407;7156;25;9702894100;B
20240227;102407;7156.5;8;9702894101;B
20240227;102408;7156.5;2;9702894203;B
20240227;102411;7157;1;9702896016;S
20240227;102415;7157.5;10;9702897569;B
20240227;102415;7157.5;10;9702897754;S
20240227;102417;7158;5;9702898226;B
20240227;102417;7158;8;9702898227;B
20240227;102419;7158.5;1;9702898929;B
20240227;102420;7158.5;9;9702899569;B
20240227;102420;7159;120;9702899570;B
20240227;102420;7159;50;9702899571;B
20240227;102420;7159;3;9702899572;B
20240227;102420;7159;10;9702899573;B
20240227;102420;7159.5;1;9702899574;B
20240227;102420;7159.5;10;9702899575;B
20240227;102420;7159.5;1;9702899576;B
20240227;102420;7159.5;1;9702899577;B
20240227;102420;7159.5;2;9702899578;B
20240227;102420;7159.5;5;9702899579;B
20240227;102420;7159.5;8;9702899580;B
20240227;102420;7159.5;42;9702899581;B
20240227;102420;7159.5;60;9702899582;B
20240227;102420;7159.5;3;9702899583;B
20240227;102423;7159;1;9702900592;B
20240227;102425;7158;1;9702900817;S
20240227;102425;7157.5;3;9702900818;S
20240227;102430;7158.5;42;9702903419;B
20240227;102430;7159;49;9702903420;B
20240227;102430;7159.5;50;9702903421;B
20240227;102430;7159.5;50;9702903422;B
20240227;102430;7159.5;8;9702903423;B
20240227;102430;7159.5;1;9702903424;B
20240227;102442;7158.5;50;9702906676;B
20240227;102442;7159;8;9702906677;B
20240227;102442;7159;42;9702906678;B
20240227;102442;7159;3;9702907310;B
20240227;102442;7159;1;9702907337;B
20240227;102446;7158;1;9702908684;S
20240227;102447;7159;50;9702908870;B
20240227;102447;7159.5;19;9702908871;B
20240227;102458;7158;14;9702913413;S
20240227;102458;7158;1;9702913414;S
20240227;102500;7158;10;9702914402;B
20240227;102500;7158.5;22;9702914403;B
20240227;102502;7158;1;9702914685;S
20240227;102502;7158;1;9702914686;S
20240227;102502;7158;1;9702914687;S
20240227;102502;7158;1;9702914688;S
20240227;102502;7158;1;9702914689;S
20240227;102502;7158;1;9702914690;S
20240227;102502;7158;1;9702914691;S
20240227;102502;7157.5;4;9702914692;S
20240227;102502;7157.5;2;9702914693;S
20240227;102506;7158.5;1;9702915445;B
20240227;102510;7158.5;50;9702916349;B
20240227;102510;7158.5;10;9702916350;B
20240227;102510;7158.5;8;9702916351;B
20240227;102510;7158.5;42;9702916352;B
20240227;102513;7159.5;1;9702919085;B
20240227;102517;7158.5;1;9702920071;S
20240227;102520;7158.5;23;9702922529;S
20240227;102522;7159;1;9702923116;B
20240227;102522;7159;3;9702923215;B
20240227;102524;7159;17;9702923947;B
20240227;102524;7158.5;66;9702924104;S
20240227;102524;7158.5;10;9702924105;S
20240227;102524;7158.5;1;9702924106;S
20240227;102524;7158;1;9702924107;S
20240227;102524;7158;1;9702924108;S
20240227;102524;7158;1;9702924109;S
20240227;102524;7158;1;9702924110;S
20240227;102524;7158;1;9702924111;S
20240227;102524;7158;1;9702924112;S
20240227;102524;7158;1;9702924113;S
20240227;102524;7157.5;1;9702924168;B
20240227;102524;7157.5;1;9702924170;B
20240227;102524;7157.5;1;9702924171;B
20240227;102524;7157.5;1;9702924172;B
20240227;102524;7157.5;1;9702924175;B
20240227;102524;7157.5;1;9702924178;B
20240227;102524;7157.5;1;9702924179;B
20240227;102524;7157.5;1;9702924192;B
20240227;102524;7157.5;1;9702924193;B
20240227;102524;7157.5;1;9702924195;B
20240227;102524;7157.5;1;9702924199;B
20240227;102524;7157.5;1;9702924200;B
20240227;102524;7157.5;1;9702924214;B
20240227;102524;7157.5;1;9702924215;B
20240227;102524;7157.5;1;9702924222;B
20240227;102524;7157.5;1;9702924225;B
20240227;102524;7157.5;1;9702924228;B
20240227;102524;7157.5;1;9702924238;B
20240227;102525;7157.5;1;9702924244;B
20240227;102525;7157.5;1;9702924253;B
20240227;102525;7157.5;1;9702924270;B
20240227;102525;7157.5;1;9702924274;B
20240227;102531;7157.5;14;9702927099;B
20240227;102538;7158;4;9702929848;B
20240227;102538;7157;1;9702929963;S
20240227;102538;7157;10;9702929964;S
20240227;102538;7157;3;9702929965;S
20240227;102538;7156.5;38;9702929966;S
20240227;102538;7155;11;9702929967;S
20240227;102538;7155;1;9702929968;S
20240227;102538;7155;7;9702929969;S
20240227;102538;7155;10;9702929970;S
20240227;102539;7155;3;9702930181;B
20240227;102539;7155;5;9702930182;B
20240227;102539;7155;6;9702930183;B
20240227;102539;7155;9;9702930184;B
20240227;102539;7155;2;9702930187;B
20240227;102539;7155;7;9702930188;B
20240227;102539;7155;6;9702930191;B
20240227;102539;7155;3;9702930192;B
20240227;102539;7155;3;9702930194;B
20240227;102539;7155;5;9702930195;B
20240227;102539;7155;3;9702930196;B
20240227;102539;7155;5;9702930201;B
20240227;102539;7155;6;9702930202;B
20240227;102539;7155;3;9702930205;B
20240227;102539;7155;3;9702930209;B
20240227;102539;7155;3;9702930211;B
20240227;102539;7155;112;9702930213;B
20240227;102539;7155;3;9702930214;B
20240227;102539;7155;3;9702930215;B
20240227;102539;7155;4;9702930216;B
20240227;102539;7155;4;9702930217;B
20240227;102540;7155;4;9702930386;B
20240227;102540;7155;15;9702930387;B
20240227;102540;7155;16;9702930388;B
20240227;102540;7155;9;9702930389;B
20240227;102540;7155;15;9702930390;B
20240227;102540;7155;10;9702930391;B
20240227;102540;7155;80;9702930392;B
20240227;102540;7155;3;9702930393;B
20240227;102540;7155;9;9702930394;B
20240227;102540;7155;2;9702930395;B
20240227;102545;7155;1;9702933004;B
20240227;102549;7154.5;5;9702934126;S
20240227;102549;7154.5;7;9702934127;S
20240227;102549;7155;100;9702934229;B
20240227;102550;7154.5;3;9702934546;S
20240227;102550;7154.5;11;9702934547;S
20240227;102550;7154;6;9702934548;S
20240227;102550;7155;1;9702934653;B
20240227;102552;7155;1;9702935402;B
20240227;102552;7155;21;9702935406;B
20240227;102552;7155;1;9702935409;B
20240227;102552;7155;17;9702935412;B
20240227;102552;7154.5;2;9702935450;S
20240227;102556;7155;2;9702936944;B
20240227;102558;7155;200;9702937391;B
20240227;102558;7154.5;9;9702937418;S
20240227;102558;7154.5;5;9702937419;S
20240227;102603;7154.5;17;9702939095;S
20240227;102608;7154.5;10;9702940707;S
20240227;102613;7155;2;9702941748;B
20240227;102613;7154.5;1;9702941836;S
20240227;102613;7155;1;9702941862;B
20240227;102617;7155;20;9702942639;B
20240227;102617;7154.5;2;9702942643;S
20240227;102618;7154.5;1;9702943751;S
20240227;102618;7154;1;9702943752;S
20240227;102618;7154;1;9702943753;S
20240227;102618;7153.5;17;9702943754;S
20240227;102618;7154.5;4;9702943772;B
20240227;102626;7154;1;9702946257;B
20240227;102627;7153;2;9702946959;S
20240227;102639;7153.5;1;9702948773;S
20240227;102642;7154;13;9702949216;B
20240227;102642;7154;1;9702949255;B
20240227;102643;7154;27;9702949430;B
20240227;102643;7154;8;9702949431;B
20240227;102643;7154;53;9702949432;B
20240227;102643;7154;10;9702949433;B
20240227;102643;7155;102;9702949434;B
20240227;102651;7155;10;9702950375;B
20240227;102651;7155;20;9702950400;B
20240227;102652;7154.5;2;9702950616;S
20240227;102656;7154.5;1;9702951119;S
20240227;102706;7154;2;9702952532;S
20240227;102712;7155;15;9702953523;B
20240227;102715;7155;3;9702954095;B
20240227;102719;7155;1;9702954690;B
20240227;102725;7155;195;9702955582;B
20240227;102725;7155;1;9702955583;B
20240227;102725;7155;4;9702955584;B
20240227;102728;7153.5;12;9702956134;S
20240227;102732;7153;1;9702957075;S
20240227;102732;7153;3;9702957076;S
20240227;102735;7154.5;2;9702957645;B
20240227;102740;7154.5;1;9702958605;B
20240227;102740;7154.5;1;9702958841;B
20240227;102741;7154.5;6;9702958907;B
20240227;102741;7154.5;8;9702958908;B
20240227;102752;7154.5;6;9702960271;S
20240227;102752;7154;11;9702960272;S
20240227;102752;7153.5;13;9702960273;S
20240227;102755;7154.5;1;9702960638;B
20240227;102755;7153.5;7;9702960681;S
20240227;102755;7153.5;7;9702960689;S
20240227;102755;7153;2;9702960699;S
20240227;102755;7153;1;9702960704;S
20240227;102755;7153;15;9702960714;S
20240227;102755;7153;3;9702960721;S
20240227;102755;7153;4;9702960727;S
20240227;102755;7153;6;9702960732;S
20240227;102755;7153;2;9702960737;S
20240227;102755;7153;2;9702960742;S
20240227;102755;7153;2;9702960751;S
20240227;102755;7153;2;9702960752;S
20240227;102755;7153;2;9702960753;S
20240227;102755;7153;3;9702960764;S
20240227;102756;7152.5;2;9702960895;S
20240227;102757;7154.5;1;9702961002;B
20240227;102759;7154.5;1;9702961294;B
20240227;102805;7153;10;9702962153;S
20240227;102805;7152.5;7;9702962154;S
20240227;102805;7152.5;13;9702962155;S
20240227;102806;7152.5;15;9702962316;S
20240227;102807;7153.5;1;9702962412;S
20240227;102816;7154;1;9702963917;B
20240227;102816;7154;2;9702963918;B
20240227;102817;7154;2;9702963948;B
20240227;102818;7154;6;9702964105;B
20240227;102818;7154;1;9702964106;B
20240227;102818;7154.5;5;9702964107;B
20240227;102818;7154.5;1;9702964108;B
20240227;102818;7154.5;7;9702964109;B
20240227;102818;7154;10;9702964141;B
20240227;102818;7154.5;10;9702964142;B
20240227;102820;7153.5;3;9702964285;S
20240227;102821;7155;2;9702964491;B
20240227;102822;7153.5;1;9702964631;S
20240227;102822;7153.5;2;9702964632;S
20240227;102822;7153.5;3;9702964633;S
20240227;102827;7155;1;9702965398;B
20240227;102832;7154.5;1;9702966000;B
20240227;102832;7154.5;1;9702966050;B
20240227;102832;7154.5;8;9702966063;B
20240227;102832;7155;133;9702966064;B
20240227;102832;7155;1;9702966065;B
20240227;102832;7155;1;9702966066;B
20240227;102832;7155;7;9702966067;B
20240227;102832;7155;50;9702966068;B
20240227;102833;7155;3;9702966304;B
20240227;102836;7154.5;1;9702966608;B
20240227;102836;7154.5;1;9702966619;B
20240227;102843;7154.5;1;9702967340;B
20240227;102843;7154.5;6;9702967367;B
20240227;102845;7154.5;2;9702967641;B
20240227;102845;7154.5;7;9702967642;B
20240227;102845;7155;11;9702967643;B
20240227;102852;7154;1;9702968748;S
20240227;102857;7154;2;9702969318;S
20240227;102857;7154;4;9702969319;S
20240227;102857;7153.5;4;9702969320;S
20240227;102900;7154;10;9702969728;B
20240227;102900;7154;10;9702969729;B
20240227;102900;7154.5;7;9702969730;B
20240227;102900;7154.5;3;9702969731;B
20240227;102900;7155;320;9702969732;B
20240227;102903;7154.5;1;9702970111;B
20240227;102905;7154.5;9;9702970309;B
20240227;102905;7154.5;7;9702970310;B
20240227;102905;7155;4;9702970311;B
20240227;102909;7154.5;10;9702970895;B
20240227;102909;7154.5;7;9702970896;B
20240227;102909;7155;13;9702970897;B
20240227;102909;7154;13;9702970913;S
20240227;102913;7154;1;9702971461;S
20240227;102914;7155;1;9702971773;B
20240227;102916;7154;1;9702972148;S
20240227;102925;7154.5;10;9702973431;B
20240227;102933;7154;1;9702975119;S
20240227;102934;7154.5;20;9702975318;B
20240227;102947;7154.5;1;9702977250;B
20240227;102949;7154;10;9702977540;S
20240227;102949;7154;1;9702977541;S
20240227;102949;7154;1;9702977542;S
20240227;102949;7153.5;5;9702977543;S
20240227;102949;7153.5;1;9702977544;S
20240227;102949;7153.5;1;9702977545;S
20240227;102949;7153.5;50;9702977546;S
20240227;102949;7153.5;34;9702977547;S
20240227;102949;7153;3;9702977548;S
20240227;102949;7153;10;9702977549;S
20240227;102949;7153;10;9702977550;S
20240227;102952;7153.5;10;9702977792;S
20240227;102956;7154;1;9702978200;B
20240227;102959;7154;1;9702978476;B
20240227;103000;7154.5;1;9702978660;B
20240227;103000;7154.5;3;9702978670;B
20240227;103008;7153.5;1;9702980619;S
20240227;103008;7153.5;5;9702980620;S
20240227;103008;7154.5;2;9702980765;B
20240227;103014;7154.5;1;9702981821;B
20240227;103016;7154.5;3;9702982319;B
20240227;103016;7153.5;6;9702982354;S
20240227;103022;7154.5;1;9702983054;B
20240227;103032;7154.5;1;9702984281;B
20240227;103036;7153.5;1;9702984702;B
20240227;103038;7153.5;6;9702985222;B
20240227;103039;7153.5;5;9702985384;B
20240227;103048;7153.5;1;9702987144;B
20240227;103050;7153.5;12;9702987440;B
20240227;103050;7153;2;9702987524;S
20240227;103050;7153;1;9702987525;S
20240227;103050;7153;1;9702987526;S
20240227;103051;7153.5;3;9702987716;B
20240227;103051;7153.5;7;9702987717;B
20240227;103051;7154;7;9702987718;B
20240227;103054;7153.5;1;9702988214;B
20240227;103054;7153.5;1;9702988229;B
20240227;103056;7153.5;40;9702988729;B
20240227;103056;7153.5;7;9702988730;B
20240227;103059;7154.5;1;9702989257;B
20240227;103102;7154.5;3;9702989639;B
20240227;103105;7154;1;9702990105;B
20240227;103111;7154;5;9702990898;B
20240227;103113;7154;1;9702991447;B
20240227;103115;7153.5;21;9702991934;S
20240227;103120;7154;7;9702992834;B
20240227;103123;7154;1;9702993314;B
20240227;103124;7154;1;9702993389;B
20240227;103124;7153.5;24;9702993476;S
20240227;103124;7153.5;21;9702993488;S
20240227;103127;7153.5;73;9702993969;S
20240227;103127;7153.5;14;9702994010;S
20240227;103127;7153.5;20;9702994011;S
20240227;103127;7153.5;10;9702994012;S
20240227;103127;7153;10;9702994013;S
20240227;103127;7152.5;7;9702994014;S
20240227;103127;7152;5;9702994015;S
20240227;103127;7151.5;1;9702994016;S
20240227;103127;7151.5;1;9702994017;S
20240227;103134;7151;1;9702994774;S
20240227;103134;7151;1;9702994775;S
20240227;103134;7151;2;9702994776;S
20240227;103134;7150.5;5;9702994777;S
20240227;103134;7150.5;1;9702994841;S
20240227;103134;7150.5;1;9702994842;S
20240227;103134;7150.5;1;9702994843;S
20240227;103134;7150;21;9702994844;S
20240227;103134;7150;22;9702994896;S
20240227;103134;7150;33;9702994923;S
20240227;103138;7150;2;9702995763;S
20240227;103141;7150;25;9702996534;S
20240227;103143;7150.5;1;9702997038;B
20240227;103144;7150.5;2;9702997269;B
20240227;103146;7150;2;9702997680;S
20240227;103146;7150;2;9702997694;S
20240227;103147;7150;73;9702997934;S
20240227;103147;7150;73;9702998010;S
20240227;103147;7150;1;9702998031;S
20240227;103147;7150;2;9702998032;S
20240227;103147;7150;1;9702998033;S
20240227;103147;7150;14;9702998034;S
20240227;103147;7150;1;9702998035;S
20240227;103147;7150;5;9702998036;S
20240227;103147;7150;36;9702998037;S
20240227;103147;7150;62;9702998038;S
20240227;103147;7150;2;9702998039;S
20240227;103147;7149.5;7;9702998095;B
20240227;103147;7149.5;21;9702998096;B
20240227;103148;7149;1;9702998140;S
20240227;103148;7149;72;9702998141;S
20240227;103148;7149;28;9702998142;S
20240227;103148;7149;60;9702998143;S
20240227;103148;7148;1;9702998150;S
20240227;103148;7148;4;9702998151;S
20240227;103148;7148;2;9702998152;S
20240227;103148;7148;1;9702998153;S
20240227;103148;7148;1;9702998154;S
20240227;103148;7148.5;50;9702998172;B
20240227;103148;7148.5;10;9702998173;B
20240227;103148;7149;42;9702998174;B
20240227;103148;7149;7;9702998175;B
20240227;103148;7149.5;92;9702998176;B
20240227;103148;7149;15;9702998312;B
20240227;103149;7148;5;9702998407;S
20240227;103149;7148.5;11;9702998457;B
20240227;103150;7149;7;9702998551;B
20240227;103150;7149.5;50;9702998552;B
20240227;103150;7149.5;30;9702998553;B
20240227;103150;7150.5;73;9702998554;B
20240227;103150;7150.5;10;9702998555;B
20240227;103150;7151.5;34;9702998556;B
20240227;103150;7151.5;5;9702998557;B
20240227;103150;7151.5;291;9702998558;S
20240227;103150;7152;10;9702998559;S
20240227;103150;7152;5;9702998560;S
20240227;103150;7152;10;9702998563;S
20240227;103150;7152;2;9702998576;B
20240227;103153;7151.5;1;9702999093;S
20240227;103154;7152;3;9702999181;B
20240227;103156;7152;20;9702999457;B
20240227;103158;7151.5;6;9702999688;S
20240227;103203;7151.5;1;9703000377;S
20240227;103206;7151.5;25;9703000711;S
20240227;103211;7151.5;13;9703001554;S
20240227;103216;7151.5;8;9703002036;S
20240227;103222;7151.5;3;9703002932;S
20240227;103222;7151.5;2;9703002937;S
20240227;103238;7152;3;9703005053;B
20240227;103244;7152;9;9703006045;B
20240227;103244;7151.5;1;9703006120;S
20240227;103244;7152;9;9703006132;B
20240227;103247;7152;2;9703006633;B
20240227;103247;7151.5;275;9703006754;S
20240227;103248;7152;4;9703006821;B
20240227;103248;7151.5;150;9703007002;S
20240227;103251;7152;15;9703007332;B
20240227;103251;7152;1;9703007382;B
20240227;103251;7152;1;9703007383;B
20240227;103253;7152;4;9703007703;B
20240227;103253;7152.5;8;9703007704;B
20240227;103259;7152;3;9703008788;S
20240227;103301;7153;1;9703009037;B
20240227;103306;7153;1;9703009905;B
20240227;103306;7153;1;9703009945;B
20240227;103306;7153;8;9703009946;B
20240227;103306;7153.5;4;9703009947;B
20240227;103307;7152;1;9703010055;S
20240227;103307;7152;33;9703010056;S
20240227;103307;7152;10;9703010057;S
20240227;103307;7151.5;15;9703010058;S
20240227;103307;7151.5;1;9703010059;S
20240227;103316;7153;1;9703011371;B
20240227;103317;7152.5;1;9703011596;S
20240227;103318;7152.5;1;9703011722;B
20240227;103320;7152.5;1;9703011881;B
20240227;103325;7152.5;1;9703012521;S
20240227;103327;7153;2;9703012873;B
20240227;103328;7152.5;2;9703012880;S
20240227;103337;7152.5;1;9703014123;S
20240227;103341;7152.5;1;9703014689;S
20240227;103346;7152.5;14;9703015654;S
20240227;103347;7152.5;3;9703016151;B
20240227;103355;7152.5;1;9703018500;B
20240227;103356;7152.5;2;9703018679;B
20240227;103356;7152.5;2;9703018680;B
20240227;103358;7152;1;9703019083;S
20240227;103404;7152.5;2;9703020254;B
20240227;103407;7152.5;1;9703020634;B
20240227;103411;7152;1;9703021401;S
20240227;103412;7152;2;9703021494;S
20240227;103415;7152;4;9703021935;S
20240227;103415;7152;1;9703021936;S
20240227;103415;7152;3;9703021937;S
20240227;103415;7152;1;9703021938;S
20240227;103415;7151.5;2;9703021939;S
20240227;103415;7151.5;2;9703021940;S
20240227;103415;7151.5;3;9703021941;S
20240227;103415;7151.5;1;9703021942;S
20240227;103415;7151.5;3;9703021943;S
20240227;103415;7152.5;1;9703022007;B
20240227;103415;7152;10;9703022019;S
20240227;103421;7152.5;1;9703022827;B
20240227;103423;7152.5;12;9703023183;B
20240227;103423;7153;2;9703023184;B
20240227;103427;7152;40;9703023525;S
20240227;103427;7152;8;9703023526;S
20240227;103427;7152;10;9703023527;S
20240227;103428;7152;119;9703023714;B
20240227;103428;7152.5;87;9703023715;B
20240227;103428;7152.5;8;9703023716;B
20240227;103428;7153;3;9703023717;B
20240227;103428;7153;10;9703023718;B
20240227;103428;7153;23;9703023832;S
20240227;103428;7152;8;9703023833;S
20240227;103428;7152;2;9703023834;S
20240227;103428;7151.5;66;9703023835;S
20240227;103428;7151.5;5;9703023836;S
20240227;103428;7151.5;96;9703023837;S
20240227;103433;7152;5;9703024975;S
20240227;103448;7152;2;9703027929;S
20240227;103455;7152;43;9703028855;S
20240227;103455;7152;10;9703028856;S
20240227;103456;7152;5;9703028947;B
20240227;103458;7151.5;75;9703029404;S
20240227;103459;7152;2;9703029478;B
20240227;103504;7151.5;4;9703030555;S
20240227;103505;7151.5;9;9703030688;S
20240227;103505;7151.5;3;9703030689;S
20240227;103505;7151.5;9;9703030690;S
20240227;103505;7151.5;6;9703030691;S
20240227;103505;7151.5;7;9703030692;S
20240227;103505;7151.5;5;9703030693;S
20240227;103505;7151.5;3;9703030694;S
20240227;103505;7151.5;2;9703030696;S
20240227;103505;7151.5;3;9703030698;S
20240227;103505;7151.5;15;9703030699;S
20240227;103505;7151.5;6;9703030701;S
20240227;103505;7151.5;15;9703030702;S
20240227;103505;7151.5;3;9703030704;S
20240227;103505;7151.5;5;9703030706;S
20240227;103505;7151.5;2;9703030708;S
20240227;103505;7151.5;4;9703030713;S
20240227;103505;7151.5;112;9703030714;S
20240227;103505;7151.5;4;9703030715;S
20240227;103505;7151.5;9;9703030716;S
20240227;103505;7151.5;1;9703030718;S
20240227;103505;7151;3;9703030719;S
20240227;103505;7150.5;1;9703030720;S
20240227;103505;7150.5;1;9703030721;S
20240227;103505;7150.5;1;9703030722;S
20240227;103505;7150;79;9703030723;S
20240227;103505;7150;3;9703030725;S
20240227;103505;7150;3;9703030726;S
20240227;103505;7150;10;9703030727;S
20240227;103505;7150;3;9703030728;S
20240227;103505;7150;4;9703030729;S
20240227;103505;7150;3;9703030730;S
20240227;103505;7150;3;9703030731;S
20240227;103505;7150;3;9703030732;S
20240227;103506;7150;16;9703030733;S
20240227;103506;7150;5;9703030734;S
20240227;103506;7150;1;9703030777;S
20240227;103506;7150;4;9703030778;S
20240227;103510;7150.5;61;9703031283;B
20240227;103510;7151;8;9703031284;B
20240227;103510;7151;10;9703031285;B
20240227;103512;7151.5;2;9703031587;B
20240227;103517;7151;21;9703032522;S
20240227;103517;7151;2;9703032523;S
20240227;103518;7150.5;8;9703032787;B
20240227;103518;7150.5;42;9703032788;B
20240227;103518;7151;42;9703032874;B
20240227;103518;7151.5;50;9703032875;B
20240227;103518;7151.5;10;9703032876;B
20240227;103518;7151.5;9;9703032877;B
20240227;103519;7151.5;10;9703032922;S
20240227;103524;7152;1;9703033476;B
20240227;103538;7151.5;20;9703035107;S
20240227;103540;7151.5;1;9703035311;S
20240227;103544;7151.5;6;9703035774;S
20240227;103546;7152;16;9703035914;B
20240227;103550;7152;3;9703036411;B
20240227;103551;7152;15;9703036480;B
20240227;103558;7151.5;31;9703037353;S
20240227;103601;7152;1;9703037696;B
20240227;103606;7151.5;71;9703038240;S
20240227;103606;7151.5;7;9703038241;S
20240227;103606;7151;9;9703038242;S
20240227;103607;7151;8;9703038658;B
20240227;103607;7151;42;9703038659;B
20240227;103607;7151.5;10;9703038660;B
20240227;103607;7151.5;50;9703038661;B
20240227;103607;7152;4;9703038662;B
20240227;103611;7151;1;9703039259;B
20240227;103625;7150.5;1;9703041155;S
20240227;103626;7150.5;10;9703041325;S
20240227;103626;7150;30;9703041326;S
20240227;103629;7150.5;3;9703041629;S
20240227;103631;7150.5;7;9703041933;S
20240227;103631;7150;36;9703041934;S
20240227;103636;7151;1;9703042400;B
20240227;103648;7150.5;1;9703043706;S
20240227;103654;7150.5;1;9703044361;S
20240227;103654;7150.5;1;9703044417;S
20240227;103702;7150;70;9703045566;S
20240227;103702;7150;1;9703045567;S
20240227;103702;7150;1;9703045568;S
20240227;103702;7150;5;9703045569;S
20240227;103702;7150;190;9703045570;S
20240227;103702;7150;1;9703045571;S
20240227;103702;7150;10;9703045572;S
20240227;103714;7148;1;9703046854;S
20240227;103714;7149.5;8;9703046860;B
20240227;103714;7149.5;2;9703046861;B
20240227;103715;7148;10;9703047053;S
20240227;103715;7147.5;10;9703047054;S
20240227;103715;7147.5;4;9703047055;S
20240227;103715;7147.5;100;9703047056;S
20240227;103715;7147.5;1;9703047057;S
20240227;103715;7147.5;10;9703047058;S
20240227;103715;7147;6;9703047059;S
20240227;103715;7147;1;9703047060;S
20240227;103715;7147;6;9703047061;S
20240227;103715;7147;9;9703047062;S
20240227;103715;7147;1;9703047063;S
20240227;103715;7147;15;9703047064;S
20240227;103715;7147;60;9703047065;S
20240227;103715;7146.5;8;9703047066;S
20240227;103715;7146;5;9703047067;S
20240227;103715;7146;1;9703047068;S
20240227;103715;7146;20;9703047069;S
20240227;103715;7146;5;9703047070;S
20240227;103715;7146;5;9703047071;S
20240227;103715;7145.5;1;9703047072;S
20240227;103715;7145.5;1;9703047073;S
20240227;103715;7145.5;1;9703047074;S
20240227;103715;7145;1;9703047075;S
20240227;103715;7145;1;9703047076;S
20240227;103715;7145;1;9703047077;S
20240227;103715;7145;1;9703047078;S
20240227;103715;7145;1;9703047079;S
20240227;103715;7145;120;9703047080;S
20240227;103715;7145;2;9703047081;S
20240227;103715;7145;5;9703047082;S
20240227;103715;7145;38;9703047083;S
20240227;103716;7146.5;1;9703047119;S
20240227;103716;7146.5;8;9703047124;S
20240227;103716;7146.5;1;9703047134;S
20240227;103716;7146;39;9703047135;S
20240227;103719;7147.5;1;9703047580;B
20240227;103725;7146;1;9703048284;S
20240227;103727;7147.5;1;9703048537;B
20240227;103729;7147;10;9703048776;S
20240227;103729;7147;8;9703048777;S
20240227;103729;7146.5;90;9703048778;S
20240227;103729;7146.5;10;9703048779;S
20240227;103729;7145;5;9703048780;S
20240227;103729;7145;50;9703048781;S
20240227;103729;7145;60;9703048782;S
20240227;103729;7144.5;30;9703048783;S
20240227;103729;7144.5;5;9703048784;S
20240227;103729;7144.5;2;9703048785;S
20240227;103729;7144;30;9703048786;S
20240227;103732;7147;15;9703049050;B
20240227;103735;7146;2;9703049328;S
20240227;103739;7146;1;9703049907;S
20240227;103750;7147.5;1;9703050865;B
20240227;103752;7147;7;9703051124;S
20240227;103755;7147;1;9703051492;S
20240227;103755;7146.5;1;9703051493;S
20240227;103755;7148;4;9703051527;B
20240227;103755;7148;9;9703051528;B
20240227;103756;7148;1;9703051658;B
20240227;103757;7146.5;1;9703051772;S
20240227;103759;7146.5;1;9703051966;S
20240227;103801;7148;2;9703052363;B
20240227;103802;7148;1;9703052506;B
20240227;103804;7148;5;9703052776;B
20240227;103805;7148;2;9703052894;B
20240227;103805;7148.5;30;9703052895;B
20240227;103805;7148.5;7;9703052896;B
20240227;103805;7148.5;10;9703052897;B
20240227;103805;7149;25;9703052898;B
20240227;103805;7149;9;9703052899;B
20240227;103805;7149.5;1;9703052900;B
20240227;103805;7149.5;5;9703052901;B
20240227;103805;7149.5;6;9703052902;B
20240227;103809;7148;10;9703053342;B
20240227;103809;7148;44;9703053376;B
20240227;103818;7148.5;3;9703054506;B
20240227;103819;7148;20;9703054698;S
20240227;103820;7149;1;9703054718;B
20240227;103821;7149.5;2;9703054891;B
20240227;103822;7149.5;10;9703054973;B
20240227;103823;7149.5;20;9703055365;S
20240227;103834;7149.5;1;9703056369;S
20240227;103835;7149.5;11;9703056571;S
20240227;103835;7149.5;4;9703056572;S
20240227;103842;7149;13;9703057411;B
20240227;103844;7149;8;9703057705;S
20240227;103845;7149;2;9703057836;S
20240227;103845;7149;1;9703057837;S
20240227;103849;7149.5;3;9703058190;B
20240227;103852;7150;4;9703058535;B
20240227;103853;7150;1;9703058654;B
20240227;103858;7150;22;9703059485;B
20240227;103905;7150;1;9703060394;B
20240227;103908;7149.5;3;9703060646;S
20240227;103912;7149.5;3;9703061139;S
20240227;103912;7149.5;7;9703061269;S
20240227;103912;7149.5;10;9703061270;S
20240227;103912;7149;3;9703061271;S
20240227;103913;7150;42;9703061405;B
20240227;103913;7150;3;9703061406;B
20240227;103913;7150;2;9703061407;B
20240227;103913;7150;50;9703061408;B
20240227;103916;7150;6;9703061823;S
20240227;103920;7150;1;9703062498;S
20240227;103941;7150;3;9703064911;S
20240227;103947;7150;8;9703065393;S
20240227;103947;7150;50;9703065394;S
20240227;103947;7150;120;9703065395;S
20240227;103947;7150;2;9703065396;S
20240227;103947;7150;30;9703065397;S
20240227;103947;7150;1;9703065398;S
20240227;103947;7150;10;9703065399;S
20240227;103947;7150;1;9703065400;S
20240227;103947;7149;1;9703065401;S
20240227;103947;7148.5;5;9703065402;S
20240227;103947;7148;10;9703065403;S
20240227;103947;7147;42;9703065404;S
20240227;103947;7147;20;9703065405;S
20240227;103947;7148.5;10;9703065423;S
20240227;103947;7150;3;9703065476;B
20240227;103951;7149.5;20;9703065933;S
20240227;103953;7151;1;9703066259;B
20240227;104007;7151;2;9703067759;B
20240227;104015;7150.5;7;9703069155;B
20240227;104018;7150;1;9703069559;S
20240227;104019;7150.5;3;9703069731;B
20240227;104032;7150;1;9703071584;S
20240227;104034;7150.5;1;9703071821;B
20240227;104037;7150.5;5;9703072083;B
20240227;104050;7150;1;9703073681;S
20240227;104051;7150;9;9703073869;S
20240227;104051;7150;3;9703073870;S
20240227;104051;7149.5;40;9703073871;S
20240227;104106;7149.5;1;9703075405;B
20240227;104112;7149.5;2;9703076029;B
20240227;104113;7149.5;10;9703076129;B
20240227;104113;7149.5;4;9703076130;B
20240227;104115;7149;1;9703076362;S
20240227;104115;7149;3;9703076363;S
20240227;104115;7149;1;9703076364;S
20240227;104115;7149;1;9703076365;S
20240227;104115;7149;7;9703076366;S
20240227;104115;7148;50;9703076367;S
20240227;104115;7148;10;9703076368;S
20240227;104115;7147.5;7;9703076369;S
20240227;104115;7148;50;9703076370;S
20240227;104115;7147.5;23;9703076371;S
20240227;104115;7148.5;3;9703076389;S
20240227;104115;7148.5;10;9703076390;S
20240227;104115;7147.5;50;9703076392;S
20240227;104115;7147.5;7;9703076393;S
20240227;104115;7147.5;10;9703076394;S
20240227;104115;7147;6;9703076395;S
20240227;104115;7148;10;9703076409;B
20240227;104117;7148.5;3;9703076775;B
20240227;104122;7148.5;1;9703077272;B
20240227;104125;7148.5;1;9703077606;B
20240227;104130;7147.5;1;9703078493;B
20240227;104130;7147.5;41;9703078494;B
20240227;104132;7147.5;6;9703079018;B
20240227;104134;7147;4;9703079443;S
20240227;104136;7147;6;9703079646;S
20240227;104137;7147.5;10;9703079741;B
20240227;104139;7148;9;9703080066;B
20240227;104139;7148;70;9703080069;B
20240227;104148;7149;1;9703081733;B
20240227;104154;7149.5;1;9703082737;B
20240227;104154;7150;1;9703082738;B
20240227;104154;7150;8;9703082739;B
20240227;104157;7150;10;9703083162;S
20240227;104157;7150;20;9703083163;S
20240227;104157;7150;1;9703083196;S
20240227;104201;7150;2;9703083941;B
20240227;104205;7150.5;5;9703084384;B
20240227;104206;7150.5;1;9703084641;B
20240227;104207;7150.5;10;9703084682;B
20240227;104207;7151;110;9703084683;B
20240227;104207;7151;41;9703084684;B
20240227;104207;7151;2;9703084685;B
20240227;104207;7151;4;9703084686;B
20240227;104217;7151;1;9703085993;B
20240227;104219;7151;9;9703086155;B
20240227;104219;7151;1;9703086156;B
20240227;104220;7151;10;9703086264;B
20240227;104220;7151;7;9703086265;B
20240227;104220;7151.5;10;9703086266;B
20240227;104220;7151.5;11;9703086267;B
20240227;104220;7151.5;22;9703086268;B
20240227;104220;7151.5;38;9703086306;B
20240227;104220;7151.5;22;9703086307;B
20240227;104221;7150.5;10;9703086551;S
20240227;104221;7150.5;20;9703086552;S
20240227;104221;7151;60;9703086668;B
20240227;104222;7151;13;9703086699;B
20240227;104222;7151.5;11;9703086700;B
20240227;104222;7151.5;36;9703086701;B
20240227;104223;7151.5;34;9703086883;B
20240227;104223;7152;25;9703086884;B
20240227;104223;7152;1;9703086885;B
20240227;104223;7152;9;9703087038;B
20240227;104223;7152;25;9703087039;B
20240227;104223;7152;26;9703087040;B
20240227;104223;7152;54;9703087416;B
20240227;104224;7152;55;9703087740;B
20240227;104237;7152;10;9703089555;B
20240227;104240;7152;3;9703090246;B
20240227;104245;7152;1;9703090826;B
20240227;104246;7151.5;2;9703091174;S
20240227;104246;7151.5;38;9703091175;S
20240227;104248;7152;14;9703091570;B
20240227;104253;7152;33;9703092968;B
20240227;104254;7151.5;1;9703093102;S
20240227;104256;7151.5;1;9703093332;S
20240227;104256;7151.5;1;9703093333;S
20240227;104300;7152;2;9703093810;B
20240227;104302;7152;2;9703094126;B
20240227;104310;7152;10;9703095666;B
20240227;104311;7152;1;9703096011;B
20240227;104325;7152;39;9703097828;B
20240227;104325;7152;6;9703097829;B
20240227;104325;7152;55;9703097830;B
20240227;104325;7151.5;2;9703097831;S
20240227;104327;7152;3;9703098045;B
20240227;104327;7152;1;9703098065;B
20240227;104329;7152;65;9703098201;B
20240227;104329;7152;48;9703098202;B
20240227;104329;7152;25;9703098278;B
20240227;104330;7151.5;7;9703098338;S
20240227;104330;7151.5;1;9703098339;S
20240227;104330;7151.5;10;9703098340;S
20240227;104330;7151.5;1;9703098341;S
20240227;104330;7151;11;9703098342;S
20240227;104330;7152;10;9703098420;B
20240227;104334;7152;1;9703098774;B
20240227;104343;7151.5;5;9703100109;S
20240227;104344;7152;1;9703100255;B
20240227;104344;7152;15;9703100303;B
20240227;104345;7152;12;9703100430;B
20240227;104354;7151.5;1;9703102035;B
20240227;104354;7151;2;9703102042;S
20240227;104355;7151.5;31;9703102073;B
20240227;104355;7152;188;9703102074;B
20240227;104355;7152;5;9703102102;B
20240227;104409;7152;10;9703104038;B
20240227;104422;7151.5;1;9703105481;S
20240227;104424;7152;7;9703105668;B
20240227;104429;7151.5;9;9703106276;S
20240227;104429;7151.5;5;9703106277;S
20240227;104429;7151.5;1;9703106278;S
20240227;104429;7151.5;5;9703106279;S
20240227;104429;7151.5;4;9703106280;S
20240227;104429;7151.5;14;9703106281;S
20240227;104429;7151;14;9703106282;S
20240227;104429;7151;2;9703106283;S
20240227;104429;7150.5;42;9703106284;S
20240227;104429;7150;80;9703106285;S
20240227;104429;7150;7;9703106286;S
20240227;104429;7150;1;9703106287;S
20240227;104429;7150;21;9703106288;S
20240227;104429;7149.5;4;9703106289;S
20240227;104429;7149.5;41;9703106290;S
20240227;104435;7149.5;2;9703106979;S
20240227;104435;7149;7;9703106980;S
20240227;104435;7149;10;9703106981;S
20240227;104435;7148.5;1;9703106982;S
20240227;104435;7148.5;1;9703106983;S
20240227;104435;7148;2;9703106984;S
20240227;104435;7148;22;9703106985;S
20240227;104444;7147.5;50;9703108038;B
20240227;104445;7147.5;50;9703108107;B
20240227;104447;7147.5;3;9703108450;B
20240227;104447;7147.5;5;9703108477;B
20240227;104452;7147.5;56;9703108974;B
20240227;104452;7147.5;13;9703108975;B
20240227;104452;7148;7;9703108976;B
20240227;104452;7149.5;10;9703108977;B
20240227;104452;7150;5;9703108978;B
20240227;104452;7150;9;9703108979;B
20240227;104455;7149.5;2;9703109258;B
20240227;104456;7148.5;10;9703109400;S
20240227;104456;7148.5;42;9703109401;S
20240227;104456;7148.5;7;9703109402;S
20240227;104456;7148;50;9703109403;S
20240227;104456;7148;50;9703109404;S
20240227;104456;7148;5;9703109405;S
20240227;104456;7147.5;50;9703109406;S
20240227;104456;7147;55;9703109407;S
20240227;104456;7147;47;9703109408;S
20240227;104456;7147;50;9703109409;S
20240227;104456;7147;34;9703109410;S
20240227;104456;7146.5;1;9703109411;S
20240227;104456;7146.5;11;9703109412;S
20240227;104456;7146;10;9703109413;S
20240227;104456;7146;1;9703109414;S
20240227;104456;7146;50;9703109415;S
20240227;104456;7146;1;9703109416;S
20240227;104456;7146;1;9703109417;S
20240227;104456;7146;11;9703109418;S
20240227;104456;7146;14;9703109419;S
20240227;104503;7147.5;5;9703110076;S
20240227;104503;7147.5;7;9703110077;S
20240227;104503;7147;8;9703110078;S
20240227;104507;7147;2;9703110462;S
20240227;104509;7149;1;9703110677;B
20240227;104509;7147.5;5;9703110698;S
20240227;104509;7147.5;42;9703110699;S
20240227;104509;7147;80;9703110700;S
20240227;104509;7146.5;50;9703110701;S
20240227;104509;7146.5;5;9703110702;S
20240227;104509;7146;50;9703110703;S
20240227;104509;7146;34;9703110704;S
20240227;104509;7145.5;50;9703110705;S
20240227;104509;7145.5;10;9703110706;S
20240227;104509;7145.5;12;9703110707;S
20240227;104509;7145.5;11;9703110708;S
20240227;104509;7145.5;60;9703110709;S
20240227;104509;7145.5;12;9703110710;S
20240227;104509;7145.5;70;9703110711;S
20240227;104509;7145;50;9703110712;S
20240227;104509;7145;2;9703110713;S
20240227;104509;7145;1;9703110714;S
20240227;104509;7145;456;9703110715;S
20240227;104512;7148;10;9703110940;B
20240227;104522;7146;42;9703111952;S
20240227;104522;7146;160;9703111953;S
20240227;104522;7146;5;9703111954;S
20240227;104522;7146;2;9703111955;S
20240227;104522;7145.5;50;9703111956;S
20240227;104522;7145;241;9703111957;S
20240227;104530;7146.5;1;9703113078;B
20240227;104532;7146.5;3;9703113248;B
20240227;104532;7147;1;9703113249;B
20240227;104532;7147.5;2;9703113250;B
20240227;104534;7145.5;9;9703113559;S
20240227;104536;7147.5;2;9703113957;B
20240227;104537;7147.5;5;9703114148;B
20240227;104541;7147.5;1;9703114468;B
20240227;104553;7147.5;25;9703116100;B
20240227;104557;7147.5;1;9703116619;B
20240227;104611;7147;7;9703118052;S
20240227;104617;7147;1;9703118868;S
20240227;104617;7147.5;73;9703118881;B
20240227;104617;7148;10;9703118882;B
20240227;104617;7148.5;7;9703118883;B
20240227;104617;7148.5;60;9703118884;B
20240227;104617;7148.5;34;9703118885;B
20240227;104617;7149;5;9703118886;B
20240227;104617;7149;2;9703118887;B
20240227;104617;7149.5;30;9703118888;B
20240227;104617;7150;79;9703118889;B
20240227;104623;7148;4;9703120422;B
20240227;104623;7148.5;10;9703120497;S
20240227;104623;7148;6;9703120498;S
20240227;104623;7148;7;9703120499;S
20240227;104623;7148;130;9703120500;S
20240227;104623;7147;2;9703120501;S
20240227;104623;7147;11;9703120502;S
20240227;104623;7146.5;1;9703120503;S
20240227;104623;7146.5;11;9703120504;S
20240227;104623;7146;55;9703120505;S
20240227;104623;7146;11;9703120506;S
20240227;104623;7146;5;9703120507;S
20240227;104623;7145.5;6;9703120508;S
20240227;104623;7145;245;9703120509;S
20240227;104624;7145.5;4;9703120567;S
20240227;104625;7148;12;9703121023;B
20240227;104625;7148;10;9703121024;B
20240227;104626;7148.5;1;9703121201;B
20240227;104628;7148;2;9703121525;S
20240227;104635;7149.5;1;9703122980;B
20240227;104637;7149.5;33;9703123498;B
20240227;104637;7149.5;10;9703123499;B
20240227;104637;7149.5;60;9703123500;B
20240227;104637;7150;7;9703123501;B
20240227;104637;7150.5;5;9703123502;B
20240227;104637;7150.5;11;9703123503;B
20240227;104637;7151;14;9703123504;B
20240227;104638;7148.5;4;9703123756;S
20240227;104641;7148.5;9;9703124469;S
20240227;104648;7150;10;9703125485;B
20240227;104648;7150.5;8;9703125486;B
20240227;104649;7148.5;1;9703125668;S
20240227;104653;7148.5;2;9703126521;S
20240227;104653;7150;10;9703126703;B
20240227;104653;7150.5;42;9703126704;B
20240227;104653;7150.5;60;9703126705;B
20240227;104653;7150.5;11;9703126706;B
20240227;104653;7150.5;7;9703126707;B
20240227;104653;7151;1;9703126708;B
20240227;104705;7150.5;1;9703128562;B
20240227;104712;7150.5;1;9703129325;B
20240227;104714;7150;1;9703129510;S
20240227;104714;7150;2;9703129511;S
20240227;104714;7149;42;9703129535;S
20240227;104724;7148.5;4;9703130836;S
20240227;104724;7148.5;1;9703130837;S
20240227;104724;7148.5;1;9703130838;S
20240227;104724;7148.5;10;9703130839;S
20240227;104724;7148.5;8;9703130840;S
20240227;104724;7148.5;5;9703130841;S
20240227;104724;7148;1;9703130842;S
20240227;104724;7148;20;9703130843;S
20240227;104724;7148.5;1;9703130864;B
20240227;104726;7149;1;9703131085;B
20240227;104728;7149;11;9703131297;B
20240227;104728;7149;10;9703131298;B
20240227;104728;7149;19;9703131299;B
20240227;104728;7149;2;9703131309;B
20240227;104731;7149;2;9703131604;B
20240227;104738;7149;1;9703132987;B
20240227;104759;7149;5;9703135762;B
20240227;104806;7149;1;9703136657;B
20240227;104806;7149;1;9703136742;B
20240227;104813;7149;2;9703137724;B
20240227;104816;7149;3;9703138065;B
20240227;104817;7148.5;1;9703138093;S
20240227;104817;7148.5;1;9703138094;S
20240227;104817;7148.5;1;9703138095;S
20240227;104817;7148.5;4;9703138096;S
20240227;104817;7148;23;9703138097;S
20240227;104820;7148.5;1;9703138516;S
20240227;104822;7148.5;6;9703138765;S
20240227;104822;7148.5;1;9703138766;S
20240227;104836;7148.5;1;9703140321;S
20240227;104836;7148.5;42;9703140322;S
20240227;104836;7148.5;7;9703140323;S
20240227;104836;7148.5;2;9703140402;S
20240227;104842;7149;3;9703140908;B
20240227;104842;7149;28;9703140909;B
20240227;104842;7148.5;30;9703140993;S
20240227;104844;7149;1;9703141252;B
20240227;104851;7148.5;1;9703141983;S
20240227;104851;7148.5;9;9703141984;S
20240227;104851;7148.5;1;9703141989;S
20240227;104856;7149;12;9703142392;B
20240227;104856;7149.5;6;9703142393;B
20240227;104856;7149.5;6;9703142394;B
20240227;104856;7150;26;9703142395;B
20240227;104901;7149.5;2;9703142948;S
20240227;104902;7149.5;10;9703143204;S
20240227;104905;7150.5;1;9703143835;B
20240227;104910;7150;1;9703144849;S
20240227;104912;7150.5;1;9703145002;B
20240227;104922;7150;110;9703146344;S
20240227;104922;7150;1;9703146345;S
20240227;104936;7149;1;9703147656;S
20240227;104936;7149;1;9703147685;S
20240227;104940;7150;15;9703148354;B
20240227;104940;7150;6;9703148355;B
20240227;104940;7150;9;9703148356;B
20240227;104949;7150;1;9703149595;B
20240227;104953;7150;1;9703150543;B
20240227;104958;7149.5;1;9703151521;B
20240227;105004;7149.5;12;9703152703;B
20240227;105007;7149;1;9703153413;S
20240227;105016;7149;1;9703154985;B
20240227;105035;7149;1;9703157593;B
20240227;105040;7149;10;9703158110;B
20240227;105042;7149;5;9703158275;B
20240227;105046;7148.5;1;9703158721;S
20240227;105046;7148.5;3;9703158722;S
20240227;105046;7148.5;10;9703158723;S
20240227;105046;7148;19;9703158724;S
20240227;105051;7149;1;9703159231;B
20240227;105052;7148.5;1;9703159355;S
20240227;105055;7149;1;9703159552;B
20240227;105104;7149;1;9703160544;B
20240227;105111;7149;5;9703161228;B
20240227;105113;7148.5;1;9703161474;S
20240227;105114;7149;4;9703161539;B
20240227;105114;7149;96;9703161540;B
20240227;105115;7148.5;8;9703161558;S
20240227;105115;7148.5;2;9703161559;S
20240227;105118;7148.5;3;9703161933;S
20240227;105118;7149;1;9703161944;B
20240227;105121;7149;1;9703162183;B
20240227;105122;7148.5;10;9703162222;S
20240227;105125;7148.5;1;9703163018;S
20240227;105126;7149;3;9703163244;B
20240227;105132;7149;1;9703164154;B
20240227;105138;7149;10;9703164558;B
20240227;105145;7149;10;9703165702;B
20240227;105148;7149;1;9703166064;B
20240227;105150;7149;4;9703166239;B
20240227;105151;7148.5;1866;9703166268;S
20240227;105154;7149;36;9703166516;B
20240227;105154;7149;2;9703166522;B
20240227;105154;7149;18;9703166533;B
20240227;105154;7150;12;9703166534;B
20240227;105154;7149;10;9703166552;S
20240227;105154;7149;25;9703166553;S
20240227;105208;7150;1;9703167741;B
20240227;105212;7150;50;9703168055;B
20240227;105213;7149.5;10;9703168156;S
20240227;105213;7149.5;370;9703168157;S
20240227;105213;7149;1;9703168158;S
20240227;105213;7149;5;9703168159;S
20240227;105213;7148.5;707;9703168160;S
20240227;105216;7149;11;9703168940;B
20240227;105216;7149.5;50;9703168941;B
20240227;105216;7149.5;10;9703168942;B
20240227;105216;7149.5;50;9703168943;B
20240227;105216;7149.5;9;9703168944;B
20240227;105216;7150;51;9703168945;B
20240227;105216;7150;10;9703168946;B
20240227;105216;7150;34;9703168947;B
20240227;105216;7150;50;9703168948;B
20240227;105216;7150;5;9703168949;B
20240227;105216;7150.5;50;9703168950;B
20240227;105216;7150.5;11;9703168951;B
20240227;105216;7150.5;30;9703168952;B
20240227;105216;7151;4;9703168953;B
20240227;105216;7151;38;9703168954;B
20240227;105216;7151;4;9703168955;B
20240227;105216;7151;2;9703168956;B
20240227;105216;7151;11;9703168957;B
20240227;105216;7151.5;84;9703168958;B
20240227;105216;7151.5;11;9703168959;B
20240227;105216;7151.5;30;9703168960;B
20240227;105216;7152;313;9703168961;B
20240227;105216;7152;8;9703168962;B
20240227;105216;7152;42;9703168963;B
20240227;105216;7152;84;9703168964;B
20240227;105216;7152.5;148;9703168965;B
20240227;105221;7151.5;25;9703169364;B
20240227;105225;7152;1;9703169844;B
20240227;105227;7152;30;9703169948;B
20240227;105230;7151.5;2;9703170182;S
20240227;105238;7152;1;9703171184;B
20240227;105238;7151.5;38;9703171211;S
20240227;105238;7151.5;3;9703171212;S
20240227;105238;7151.5;32;9703171213;S
20240227;105239;7151.5;73;9703171253;S
20240227;105241;7151.5;68;9703171599;S
20240227;105241;7151;1;9703171600;S
20240227;105241;7151;3;9703171601;S
20240227;105241;7151.5;10;9703171716;B
20240227;105241;7151.5;11;9703171717;B
20240227;105241;7151.5;42;9703171718;B
20240227;105241;7151.5;65;9703171719;S
20240227;105250;7151.5;10;9703172981;S
20240227;105252;7152;26;9703173276;B
20240227;105252;7152;50;9703173277;B
20240227;105252;7152;150;9703173278;B
20240227;105252;7152;42;9703173279;B
20240227;105252;7152.5;11;9703173280;B
20240227;105252;7152.5;10;9703173281;B
20240227;105252;7153;4;9703173282;B
20240227;105252;7153;250;9703173283;B
20240227;105252;7153;11;9703173284;B
20240227;105252;7153;50;9703173285;B
20240227;105252;7153;34;9703173286;B
20240227;105252;7153;5;9703173287;B
20240227;105252;7153.5;11;9703173288;B
20240227;105252;7153.5;30;9703173289;B
20240227;105252;7154;4;9703173290;B
20240227;105252;7154;11;9703173291;B
20240227;105252;7154;60;9703173292;B
20240227;105252;7154.5;1;9703173293;B
20240227;105252;7154.5;1;9703173294;B
20240227;105252;7155;14;9703173295;B
20240227;105252;7155;5;9703173296;B
20240227;105252;7155;7;9703173297;B
