<DATE>;<TIME>;<LAST>;<VOL>;<ID>;<OPER>
20240213;095954;7297.000000000;1;9591013406;B
20240213;095954;7297.000000000;4;9591013407;B
20240213;095954;7297.000000000;1;9591013408;S
20240213;095954;7297.000000000;1;9591013409;S
20240213;095954;7297.000000000;1;9591013410;S
20240213;095954;7297.000000000;2;9591013411;S
20240213;095954;7297.000000000;1;9591013412;S
20240213;095954;7297.000000000;1;9591013413;S
20240213;095954;7297.000000000;7;9591013414;S
20240213;095954;7297.000000000;2;9591013415;S
20240213;095954;7297.000000000;4;9591013416;S
20240213;095954;7297.000000000;10;9591013417;S
20240213;095954;7297.000000000;1;9591013418;S
20240213;095954;7297.000000000;1;9591013419;S
20240213;095954;7297.000000000;2;9591013420;B
20240213;095954;7297.000000000;1;9591013421;B
20240213;095954;7297.000000000;1;9591013422;B
20240213;095954;7297.000000000;4;9591013423;B
20240213;095954;7297.000000000;4;9591013424;B
20240213;095954;7297.000000000;3;9591013425;S
20240213;095954;7297.000000000;3;9591013426;S
20240213;095954;7297.000000000;1;9591013427;S
20240213;095954;7297.000000000;1;9591013428;S
20240213;095954;7297.000000000;2;9591013429;S
20240213;095954;7297.000000000;1;9591013430;S
20240213;095954;7297.000000000;1;9591013431;S
20240213;095954;7297.000000000;5;9591013432;S
20240213;095954;7297.000000000;2;9591013433;S
20240213;095954;7297.000000000;1;9591013434;B
20240213;095954;7297.000000000;8;9591013435;B
20240213;095954;7297.000000000;1;9591013436;B
20240213;095954;7297.000000000;20;9591013437;B
20240213;095954;7297.000000000;1;9591013438;B
20240213;095954;7297.000000000;2;9591013439;B
20240213;095954;7297.000000000;2;9591013440;B
20240213;095954;7297.000000000;7;9591013441;B
20240213;095954;7297.000000000;1;9591013442;B
20240213;095954;7297.000000000;3;9591013443;B
20240213;095954;7297.000000000;1;9591013444;B
20240213;095954;7297.000000000;10;9591013445;B
20240213;095954;7297.000000000;2;9591013446;B
20240213;095954;7297.000000000;16;9591013447;B
20240213;095954;7297.000000000;8;9591013448;B
20240213;095954;7297.000000000;10;9591013449;B
20240213;095954;7297.000000000;3;9591013450;B
20240213;095954;7297.000000000;2;9591013451;B
20240213;095954;7297.000000000;1;9591013452;B
20240213;095954;7297.000000000;2;9591013453;B
20240213;095954;7297.000000000;1;9591013454;B
20240213;095954;7297.000000000;31;9591013455;B
20240213;095954;7297.000000000;1;9591013456;B
20240213;095954;7297.000000000;3;9591013457;B
20240213;095954;7297.000000000;1;9591013458;B
20240213;095954;7297.000000000;14;9591013459;B
20240213;095954;7297.000000000;1;9591013460;B
20240213;095954;7297.000000000;1;9591013461;B
20240213;095954;7297.000000000;5;9591013462;B
20240213;095954;7297.000000000;5;9591013463;B
20240213;095954;7297.000000000;5;9591013464;B
20240213;095954;7297.000000000;10;9591013465;B
20240213;095954;7297.000000000;5;9591013466;B
20240213;095954;7297.000000000;39;9591013467;B
20240213;095954;7297.000000000;1;9591013468;B
20240213;095954;7297.000000000;1;9591013469;B
20240213;095954;7297.000000000;13;9591013470;B
20240213;095954;7297.000000000;10;9591013471;B
20240213;095954;7297.000000000;10;9591013472;B
20240213;095954;7297.000000000;27;9591013473;B
20240213;095954;7297.000000000;100;9591013474;B
20240213;095954;7297.000000000;1;9591013475;B
20240213;095954;7297.000000000;10;9591013476;B
20240213;095954;7297.000000000;1;9591013477;B
20240213;095954;7297.000000000;1;9591013478;B
20240213;095954;7297.000000000;200;9591013479;B
20240213;095954;7297.000000000;7;9591013480;B
20240213;095954;7297.000000000;1;9591013481;B
20240213;095954;7297.000000000;2;9591013482;B
20240213;095954;7297.000000000;3;9591013483;B
20240213;095954;7297.000000000;147;9591013484;B
20240213;095954;7297.000000000;7;9591013485;B
20240213;095954;7297.000000000;12;9591013486;B
20240213;095954;7297.000000000;1;9591013487;B
20240213;095954;7297.000000000;1;9591013488;B
20240213;095954;7297.000000000;3;9591013489;B
20240213;095954;7297.000000000;1;9591013490;B
20240213;095954;7297.000000000;1;9591013491;B
20240213;095954;7297.000000000;1;9591013492;B
20240213;095954;7297.000000000;30;9591013493;B
20240213;095954;7297.000000000;5;9591013494;B
20240213;095954;7297.000000000;5;9591013495;B
20240213;095954;7297.000000000;1;9591013496;B
20240213;095954;7297.000000000;2;9591013497;B
20240213;095954;7297.000000000;63;9591013498;B
20240213;095954;7297.000000000;100;9591013499;B
20240213;095954;7297.000000000;794;9591013500;B
20240213;095954;7297.000000000;14;9591013501;B
20240213;095954;7297.000000000;1;9591013502;B
20240213;095954;7297.000000000;2;9591013503;B
20240213;095954;7297.000000000;5;9591013504;B
20240213;095954;7297.000000000;5;9591013505;B
20240213;095954;7297.000000000;4;9591013506;B
20240213;095954;7297.000000000;1;9591013507;B
20240213;095954;7297.000000000;3;9591013508;B
20240213;095954;7297.000000000;1;9591013509;B
20240213;095954;7297.000000000;1;9591013510;B
20240213;095954;7297.000000000;5;9591013511;B
20240213;095954;7297.000000000;10;9591013512;B
20240213;095954;7297.000000000;2;9591013513;B
20240213;095954;7297.000000000;10;9591013514;B
20240213;095954;7297.000000000;2;9591013515;B
20240213;095954;7297.000000000;140;9591013516;B
20240213;095954;7297.000000000;1;9591013517;B
20240213;095954;7297.000000000;1;9591013518;B
20240213;095954;7297.000000000;8;9591013519;B
20240213;095954;7297.000000000;2;9591013520;B
20240213;095954;7297.000000000;1;9591013521;B
20240213;095954;7297.000000000;4;9591013522;B
20240213;095954;7297.000000000;1;9591013523;B
20240213;095954;7297.000000000;10;9591013524;B
20240213;095954;7297.000000000;1;9591013525;B
20240213;095954;7297.000000000;1;9591013526;B
20240213;095954;7297.000000000;1;9591013527;B
20240213;095954;7297.000000000;2;9591013528;B
20240213;095954;7297.000000000;1;9591013529;B
20240213;095954;7297.000000000;1;9591013530;B
20240213;095954;7297.000000000;2;9591013531;B
20240213;095954;7297.000000000;1;9591013532;B
20240213;095954;7297.000000000;1;9591013533;B
20240213;095954;7297.000000000;150;9591013534;B
20240213;095954;7297.000000000;1;9591013535;B
20240213;095954;7297.000000000;5;9591013536;B
20240213;095954;7297.000000000;1;9591013537;B
20240213;095954;7297.000000000;200;9591013538;B
20240213;095954;7297.000000000;1;9591013539;B
20240213;095954;7297.000000000;5;9591013540;B
20240213;095954;7297.000000000;5;9591013541;B
20240213;095954;7297.000000000;10;9591013542;B
20240213;095954;7297.000000000;5;9591013543;B
20240213;095954;7297.000000000;50;9591013544;B
20240213;095954;7297.000000000;30;9591013545;B
20240213;095954;7297.000000000;32;9591013546;B
20240213;095954;7297.000000000;50;9591013547;B
20240213;095954;7297.000000000;1;9591013548;B
20240213;095954;7297.000000000;45;9591013549;B
20240213;095954;7297.000000000;1;9591013550;B
20240213;095954;7297.000000000;1;9591013551;B
20240213;095954;7297.000000000;50;9591013552;B
20240213;095954;7297.000000000;1;9591013553;B
20240213;095954;7297.000000000;1;9591013554;B
20240213;095954;7297.000000000;22;9591013555;B
20240213;095954;7297.000000000;1;9591013556;B
20240213;095954;7297.000000000;2;9591013557;B
20240213;095954;7297.000000000;5;9591013558;B
20240213;095954;7297.000000000;2;9591013559;B
20240213;095954;7297.000000000;20;9591013560;B
20240213;095954;7297.000000000;1;9591013561;B
20240213;095954;7297.000000000;1;9591013562;B
20240213;100000;7297.500000000;10;9591014753;B
20240213;100000;7298.000000000;7;9591014754;B
20240213;100000;7298.000000000;1;9591014755;B
20240213;100000;7298.000000000;1;9591014756;B
20240213;100000;7298.000000000;1;9591014757;B
20240213;100000;7298.000000000;10;9591014758;B
20240213;100000;7298.000000000;1;9591014759;B
20240213;100000;7298.000000000;5;9591014760;B
20240213;100000;7298.000000000;59;9591014761;B
20240213;100000;7298.500000000;5;9591014762;B
20240213;100000;7298.500000000;1;9591014763;B
20240213;100000;7298.500000000;1;9591014764;B
20240213;100000;7298.500000000;2;9591014765;B
20240213;100000;7298.500000000;6;9591014766;B
20240213;100000;7298.500000000;2;9591014767;B
20240213;100000;7298.500000000;2;9591014768;B
20240213;100000;7298.500000000;1;9591014769;B
20240213;100000;7298.500000000;5;9591014770;B
20240213;100000;7298.500000000;5;9591014771;B
20240213;100000;7299.000000000;10;9591014772;B
20240213;100000;7299.000000000;1;9591014773;B
20240213;100000;7299.000000000;1;9591014774;B
20240213;100000;7299.000000000;28;9591014775;B
20240213;100000;7299.000000000;2;9591014786;B
20240213;100000;7299.000000000;6;9591014787;B
20240213;100000;7299.000000000;2;9591014788;B
20240213;100000;7298.500000000;25;9591014807;S
20240213;100000;7298.500000000;9;9591014808;S
20240213;100000;7299.000000000;1;9591014892;B
20240213;100000;7299.000000000;5;9591014893;B
20240213;100000;7299.000000000;1;9591014894;B
20240213;100000;7299.000000000;1;9591014895;B
20240213;100000;7299.000000000;1;9591014896;B
20240213;100000;7299.000000000;8;9591014897;B
20240213;100000;7299.000000000;1;9591014898;B
20240213;100000;7299.000000000;1;9591014899;B
20240213;100000;7299.000000000;5;9591014900;B
20240213;100000;7299.000000000;1;9591014901;B
20240213;100000;7299.000000000;34;9591014902;B
20240213;100000;7299.500000000;1;9591014903;B
20240213;100000;7299.500000000;1;9591014904;B
20240213;100000;7299.500000000;2;9591014905;B
20240213;100000;7299.500000000;1;9591014906;B
20240213;100000;7299.500000000;3;9591014907;B
20240213;100000;7299.500000000;6;9591014908;B
20240213;100000;7299.500000000;24;9591014909;B
20240213;100000;7299.500000000;1;9591014910;B
20240213;100000;7300.000000000;1;9591014911;B
20240213;100000;7300.000000000;1;9591014912;B
20240213;100000;7300.000000000;4;9591014913;B
20240213;100000;7300.000000000;10;9591014914;B
20240213;100000;7300.000000000;1;9591014915;B
20240213;100000;7300.000000000;8;9591014916;B
20240213;100000;7300.000000000;1;9591014917;B
20240213;100000;7300.000000000;1;9591014918;B
20240213;100000;7300.000000000;1;9591014919;B
20240213;100000;7300.000000000;10;9591014920;B
20240213;100000;7300.000000000;184;9591014921;B
20240213;100000;7298.500000000;11;9591014922;S
20240213;100000;7298.500000000;20;9591014923;S
20240213;100000;7298.500000000;50;9591014924;S
20240213;100000;7298.500000000;20;9591014925;S
20240213;100000;7298.500000000;10;9591014926;S
20240213;100000;7298.500000000;20;9591014927;S
20240213;100000;7298.500000000;10;9591014928;S
20240213;100000;7298.000000000;10;9591014929;S
20240213;100000;7298.000000000;50;9591014930;S
20240213;100000;7298.000000000;10;9591014931;S
20240213;100000;7298.000000000;20;9591014932;S
20240213;100000;7298.000000000;50;9591014933;S
20240213;100000;7298.000000000;10;9591014934;S
20240213;100000;7298.000000000;10;9591014935;S
20240213;100000;7298.000000000;10;9591014936;S
20240213;100000;7298.000000000;40;9591014937;S
20240213;100000;7298.000000000;50;9591014938;S
20240213;100000;7298.000000000;15;9591014939;S
20240213;100000;7298.000000000;10;9591014940;S
20240213;100000;7298.000000000;10;9591014941;S
20240213;100000;7298.000000000;11;9591014942;S
20240213;100000;7298.000000000;30;9591014943;S
20240213;100000;7297.500000000;10;9591014954;S
20240213;100000;7297.500000000;10;9591014955;S
20240213;100000;7297.500000000;40;9591014956;S
20240213;100000;7297.500000000;10;9591014959;S
20240213;100000;7297.500000000;10;9591014960;S
20240213;100000;7297.500000000;50;9591014961;S
20240213;100000;7297.500000000;11;9591014962;S
20240213;100000;7297.500000000;40;9591014963;S
20240213;100000;7297.000000000;11;9591014964;S
20240213;100000;7297.000000000;10;9591014965;S
20240213;100000;7297.000000000;11;9591014966;S
20240213;100000;7298.000000000;50;9591014974;B
20240213;100000;7297.500000000;5;9591014983;S
20240213;100000;7297.500000000;15;9591014985;S
20240213;100000;7297.000000000;9;9591014986;S
20240213;100000;7297.000000000;30;9591014987;S
20240213;100000;7295.500000000;66;9591014988;S
20240213;100000;7298.000000000;2;9591014992;B
20240213;100000;7295.500000000;2;9591014993;S
20240213;100000;7298.000000000;30;9591014998;B
20240213;100000;7297.500000000;2;9591014999;S
20240213;100000;7297.500000000;2;9591015004;S
20240213;100000;7298.000000000;1;9591015005;B
20240213;100000;7298.000000000;20;9591015008;B
20240213;100000;7298.000000000;2;9591015011;B
20240213;100000;7297.500000000;8;9591015013;S
20240213;100000;7297.500000000;5;9591015015;S
20240213;100000;7298.000000000;10;9591015021;B
20240213;100000;7298.000000000;3;9591015025;B
20240213;100000;7298.000000000;1;9591015027;B
20240213;100000;7298.000000000;1;9591015029;B
20240213;100000;7297.500000000;1;9591015032;S
20240213;100000;7298.000000000;10;9591015036;B
20240213;100000;7298.000000000;50;9591015037;B
20240213;100000;7298.000000000;2;9591015040;B
20240213;100000;7297.500000000;8;9591015041;S
20240213;100000;7298.000000000;10;9591015047;B
20240213;100000;7298.000000000;50;9591015049;B
20240213;100000;7298.000000000;1;9591015051;B
20240213;100000;7297.500000000;3;9591015052;S
20240213;100000;7297.000000000;30;9591015053;S
20240213;100000;7297.000000000;30;9591015054;S
20240213;100000;7295.500000000;37;9591015055;S
20240213;100000;7298.000000000;25;9591015063;B
20240213;100000;7298.000000000;34;9591015064;B
20240213;100000;7298.000000000;50;9591015066;B
20240213;100000;7298.000000000;5;9591015067;B
20240213;100000;7298.000000000;20;9591015070;B
20240213;100000;7297.000000000;2;9591015074;S
20240213;100000;7298.000000000;50;9591015081;B
20240213;100000;7297.000000000;1;9591015082;S
20240213;100000;7297.000000000;2;9591015084;S
20240213;100000;7298.000000000;50;9591015086;B
20240213;100000;7298.000000000;50;9591015097;B
20240213;100000;7297.000000000;5;9591015098;S
20240213;100000;7297.000000000;4;9591015100;S
20240213;100000;7297.000000000;2;9591015101;S
20240213;100000;7297.000000000;1;9591015104;S
20240213;100000;7298.000000000;50;9591015110;B
20240213;100000;7297.000000000;1;9591015116;S
20240213;100000;7297.000000000;1;9591015121;S
20240213;100000;7298.000000000;10;9591015134;B
20240213;100000;7298.000000000;50;9591015138;B
20240213;100000;7296.500000000;11;9591015140;S
20240213;100000;7296.000000000;10;9591015141;S
20240213;100000;7295.500000000;2;9591015142;S
20240213;100000;7295.500000000;10;9591015143;S
20240213;100000;7295.000000000;16;9591015144;S
20240213;100000;7295.000000000;27;9591015145;S
20240213;100000;7297.500000000;50;9591015154;B
20240213;100000;7296.000000000;1;9591015157;S
20240213;100000;7296.000000000;3;9591015158;S
20240213;100000;7296.000000000;3;9591015160;S
20240213;100000;7295.000000000;136;9591015161;S
20240213;100000;7295.000000000;5;9591015163;S
20240213;100000;7295.000000000;8;9591015170;S
20240213;100000;7295.000000000;1;9591015173;S
20240213;100000;7296.000000000;10;9591015174;S
20240213;100000;7295.000000000;7;9591015175;S
20240213;100000;7297.000000000;2;9591015176;B
20240213;100000;7297.500000000;23;9591015177;B
20240213;100000;7297.500000000;34;9591015186;S
20240213;100000;7297.500000000;1;9591015187;S
20240213;100000;7298.000000000;50;9591015188;B
20240213;100000;7298.000000000;20;9591015190;B
20240213;100000;7298.000000000;20;9591015200;B
20240213;100000;7298.000000000;50;9591015202;B
20240213;100000;7297.500000000;1;9591015209;S
20240213;100000;7297.500000000;1;9591015210;S
20240213;100000;7298.000000000;5;9591015216;B
20240213;100000;7298.000000000;20;9591015220;B
20240213;100000;7297.500000000;10;9591015229;S
20240213;100000;7297.500000000;2;9591015230;S
20240213;100000;7298.000000000;50;9591015232;B
20240213;100000;7298.000000000;20;9591015253;B
20240213;100000;7298.000000000;30;9591015257;B
20240213;100000;7298.000000000;12;9591015263;B
20240213;100000;7297.500000000;60;9591015265;S
20240213;100000;7297.500000000;10;9591015266;S
20240213;100000;7297.500000000;61;9591015288;S
20240213;100000;7297.500000000;46;9591015289;S
20240213;100000;7297.500000000;30;9591015290;S
20240213;100000;7297.500000000;30;9591015291;S
20240213;100000;7297.000000000;33;9591015292;S
20240213;100000;7297.500000000;10;9591015315;S
20240213;100000;7297.500000000;60;9591015337;S
20240213;100000;7298.000000000;20;9591015352;B
20240213;100000;7297.500000000;95;9591015358;S
20240213;100000;7297.500000000;40;9591015362;S
20240213;100000;7297.500000000;11;9591015363;S
20240213;100000;7297.500000000;9;9591015364;S
20240213;100000;7298.000000000;89;9591015369;B
20240213;100000;7298.000000000;2;9591015370;B
20240213;100000;7298.000000000;14;9591015371;B
20240213;100000;7298.000000000;1;9591015372;B
20240213;100000;7298.000000000;12;9591015373;B
20240213;100000;7298.000000000;2;9591015374;B
20240213;100000;7298.000000000;3;9591015375;B
20240213;100000;7298.000000000;51;9591015376;B
20240213;100000;7298.000000000;1;9591015391;B
20240213;100000;7298.000000000;38;9591015398;B
20240213;100000;7298.000000000;1;9591015399;B
20240213;100000;7298.000000000;1;9591015400;B
20240213;100000;7298.000000000;5;9591015401;B
20240213;100000;7298.000000000;1;9591015402;B
20240213;100000;7298.000000000;4;9591015403;B
20240213;100000;7297.500000000;21;9591015414;S
20240213;100000;7297.500000000;30;9591015415;S
20240213;100000;7297.500000000;30;9591015416;S
20240213;100000;7297.500000000;30;9591015417;S
20240213;100000;7297.500000000;30;9591015418;S
20240213;100000;7297.500000000;9;9591015419;S
20240213;100000;7297.500000000;21;9591015420;S
20240213;100000;7297.500000000;2;9591015428;S
20240213;100000;7298.000000000;1;9591015430;B
20240213;100000;7298.000000000;1;9591015431;B
20240213;100000;7298.000000000;1;9591015432;B
20240213;100000;7298.000000000;1;9591015433;B
20240213;100000;7298.000000000;60;9591015434;B
20240213;100000;7298.000000000;1;9591015435;B
20240213;100000;7298.000000000;10;9591015436;B
20240213;100000;7297.500000000;30;9591015448;S
20240213;100000;7298.000000000;5;9591015454;B
20240213;100000;7298.000000000;5;9591015455;S
20240213;100000;7295.500000000;1;9591015460;S
20240213;100000;7298.500000000;4;9591015462;B
20240213;100000;7298.500000000;1;9591015507;B
20240213;100000;7295.500000000;9;9591015525;S
20240213;100000;7295.500000000;10;9591015526;S
20240213;100000;7295.000000000;1;9591015527;S
20240213;100000;7295.000000000;1;9591015528;S
20240213;100000;7295.000000000;2;9591015529;S
20240213;100000;7295.000000000;22;9591015534;S
20240213;100000;7295.500000000;1;9591015556;S
20240213;100000;7295.500000000;4;9591015560;S
20240213;100000;7295.500000000;5;9591015563;S
20240213;100000;7295.500000000;5;9591015564;S
20240213;100000;7295.500000000;5;9591015567;S
20240213;100000;7295.500000000;10;9591015568;S
20240213;100000;7295.000000000;17;9591015569;S
20240213;100000;7295.000000000;10;9591015570;S
20240213;100000;7295.000000000;25;9591015571;S
20240213;100000;7295.500000000;10;9591015604;S
20240213;100000;7295.500000000;10;9591015605;S
20240213;100000;7295.000000000;17;9591015606;S
20240213;100000;7295.000000000;3;9591015607;S
20240213;100000;7295.000000000;7;9591015609;S
20240213;100000;7294.500000000;8;9591015610;S
20240213;100000;7294.500000000;15;9591015611;S
20240213;100001;7295.000000000;1;9591015632;S
20240213;100001;7296.500000000;13;9591015644;B
20240213;100001;7296.000000000;42;9591015709;B
20240213;100001;7296.500000000;1;9591015710;B
20240213;100001;7296.500000000;56;9591015731;B
20240213;100001;7297.000000000;1;9591015755;B
20240213;100001;7296.000000000;9;9591015777;S
20240213;100001;7296.000000000;1;9591015797;S
20240213;100001;7296.500000000;5;9591015812;S
20240213;100001;7296.500000000;2;9591015815;S
20240213;100001;7296.500000000;3;9591015816;S
20240213;100001;7296.000000000;30;9591015817;S
20240213;100001;7295.500000000;17;9591015818;S
20240213;100001;7296.000000000;10;9591015841;S
20240213;100001;7295.000000000;10;9591015842;S
20240213;100001;7294.500000000;10;9591015843;S
20240213;100001;7294.500000000;50;9591015845;S
20240213;100001;7296.500000000;10;9591015862;B
20240213;100001;7294.500000000;1;9591015873;S
20240213;100001;7297.000000000;4;9591015952;B
20240213;100001;7297.000000000;10;9591015953;B
20240213;100001;7297.500000000;10;9591015985;B
20240213;100001;7297.500000000;10;9591016004;B
20240213;100001;7298.000000000;9;9591016005;B
20240213;100001;7297.500000000;1;9591016056;S
20240213;100001;7296.000000000;39;9591016057;S
20240213;100001;7297.500000000;1;9591016087;B
20240213;100001;7297.500000000;2;9591016088;B
20240213;100001;7296.000000000;3;9591016093;S
20240213;100001;7297.500000000;3;9591016147;B
20240213;100001;7296.000000000;7;9591016182;S
20240213;100001;7295.500000000;3;9591016183;S
20240213;100001;7298.000000000;1;9591016184;B
20240213;100001;7297.500000000;1;9591016187;B
20240213;100001;7295.500000000;5;9591016188;S
20240213;100001;7296.000000000;1;9591016216;S
20240213;100001;7296.000000000;9;9591016217;S
20240213;100001;7295.500000000;1;9591016218;S
20240213;100001;7296.000000000;1;9591016222;S
20240213;100001;7296.000000000;5;9591016248;S
20240213;100001;7296.000000000;1;9591016288;S
20240213;100001;7297.500000000;9;9591016303;B
20240213;100001;7297.500000000;1;9591016304;B
20240213;100001;7298.000000000;2;9591016305;B
20240213;100001;7298.000000000;2;9591016306;B
20240213;100001;7298.000000000;26;9591016307;B
20240213;100001;7298.500000000;5;9591016308;B
20240213;100001;7298.500000000;5;9591016309;B
20240213;100001;7296.000000000;3;9591016318;S
20240213;100001;7296.000000000;3;9591016331;S
20240213;100001;7298.500000000;1;9591016346;B
20240213;100001;7296.000000000;1;9591016359;S
20240213;100001;7296.000000000;2;9591016361;S
20240213;100001;7295.500000000;3;9591016362;S
20240213;100001;7298.500000000;22;9591016438;B
20240213;100001;7297.000000000;20;9591016440;S
20240213;100001;7296.000000000;10;9591016446;S
20240213;100001;7296.000000000;10;9591016447;S
20240213;100001;7296.000000000;2;9591016452;S
20240213;100002;7296.500000000;1;9591016482;S
20240213;100002;7296.500000000;1;9591016489;S
20240213;100002;7296.500000000;2;9591016494;S
20240213;100002;7296.500000000;1;9591016497;S
20240213;100002;7298.000000000;1;9591016499;B
20240213;100002;7298.000000000;10;9591016500;B
20240213;100002;7299.000000000;1;9591016501;B
20240213;100002;7299.000000000;1;9591016502;B
20240213;100002;7299.000000000;3;9591016503;B
20240213;100002;7299.000000000;1;9591016504;B
20240213;100002;7297.500000000;2;9591016532;S
20240213;100002;7297.500000000;5;9591016538;S
20240213;100002;7297.500000000;1;9591016567;S
20240213;100002;7297.500000000;1;9591016572;S
20240213;100002;7297.500000000;24;9591016584;S
20240213;100002;7297.000000000;40;9591016585;S
20240213;100002;7296.000000000;10;9591016598;S
20240213;100002;7296.000000000;20;9591016599;S
20240213;100002;7296.000000000;10;9591016600;S
20240213;100002;7297.000000000;2;9591016602;B
20240213;100002;7297.000000000;3;9591016603;B
20240213;100002;7297.000000000;14;9591016607;B
20240213;100002;7297.500000000;26;9591016608;B
20240213;100002;7296.000000000;2;9591016637;S
20240213;100002;7296.000000000;1;9591016640;S
20240213;100002;7296.000000000;4;9591016642;S
20240213;100002;7296.000000000;2;9591016643;S
20240213;100002;7296.000000000;3;9591016646;S
20240213;100002;7296.000000000;1;9591016647;S
20240213;100002;7297.500000000;1;9591016650;B
20240213;100002;7296.000000000;7;9591016651;S
20240213;100002;7296.000000000;3;9591016652;S
20240213;100002;7297.500000000;5;9591016657;B
20240213;100002;7297.500000000;10;9591016663;B
20240213;100002;7297.500000000;1;9591016699;S
20240213;100002;7297.500000000;1;9591016724;S
20240213;100002;7298.000000000;6;9591016771;B
20240213;100002;7297.500000000;2;9591016804;S
20240213;100002;7297.500000000;6;9591016831;S
20240213;100002;7297.500000000;9;9591016832;S
20240213;100002;7298.000000000;10;9591016834;B
20240213;100002;7297.500000000;10;9591016835;B
20240213;100002;7298.000000000;10;9591016836;B
20240213;100002;7297.000000000;3;9591016839;S
20240213;100002;7297.000000000;1;9591016844;S
20240213;100002;7296.500000000;34;9591016850;S
20240213;100002;7296.500000000;21;9591016851;S
20240213;100002;7296.000000000;20;9591016852;S
20240213;100002;7296.000000000;10;9591016853;S
20240213;100002;7296.000000000;45;9591016854;S
20240213;100002;7296.000000000;10;9591016855;S
20240213;100002;7297.500000000;10;9591016887;B
20240213;100002;7295.500000000;4;9591016899;S
20240213;100002;7295.500000000;1;9591016902;S
20240213;100002;7295.500000000;5;9591016907;S
20240213;100002;7295.500000000;10;9591016908;S
20240213;100002;7296.000000000;1;9591016910;B
20240213;100002;7295.000000000;2;9591016924;S
20240213;100002;7295.000000000;1;9591016935;S
20240213;100002;7295.000000000;1;9591016936;S
20240213;100002;7296.000000000;1;9591016962;B
20240213;100002;7295.000000000;1;9591016999;S
20240213;100002;7295.000000000;3;9591017007;S
20240213;100002;7295.000000000;1;9591017008;S
20240213;100002;7295.000000000;1;9591017010;S
20240213;100002;7295.000000000;1;9591017020;S
20240213;100002;7295.500000000;1;9591017045;S
20240213;100002;7296.000000000;2;9591017048;B
20240213;100002;7295.500000000;1;9591017051;S
20240213;100002;7295.500000000;1;9591017052;S
20240213;100002;7296.000000000;1;9591017066;B
20240213;100002;7296.000000000;24;9591017067;B
20240213;100002;7296.000000000;20;9591017079;B
20240213;100002;7295.500000000;1;9591017090;S
20240213;100002;7295.500000000;1;9591017091;S
20240213;100002;7295.500000000;10;9591017100;S
20240213;100002;7295.000000000;10;9591017101;S
20240213;100002;7295.000000000;29;9591017102;S
20240213;100002;7294.500000000;51;9591017103;S
20240213;100003;7295.000000000;1;9591017138;S
20240213;100003;7295.000000000;1;9591017188;S
20240213;100003;7295.000000000;6;9591017207;S
20240213;100003;7295.000000000;1;9591017216;S
20240213;100003;7295.000000000;1;9591017217;S
20240213;100003;7294.500000000;10;9591017218;S
20240213;100003;7294.500000000;6;9591017262;S
20240213;100003;7294.500000000;2;9591017267;S
20240213;100003;7294.500000000;1;9591017292;S
20240213;100003;7294.500000000;10;9591017293;S
20240213;100003;7294.500000000;36;9591017318;S
20240213;100003;7294.500000000;10;9591017319;S
20240213;100003;7294.500000000;17;9591017320;S
20240213;100003;7294.500000000;10;9591017321;S
20240213;100003;7294.500000000;30;9591017322;S
20240213;100003;7294.000000000;100;9591017323;S
20240213;100003;7294.000000000;100;9591017324;S
20240213;100003;7294.000000000;50;9591017325;S
20240213;100003;7294.000000000;50;9591017326;S
20240213;100003;7294.000000000;1;9591017327;S
20240213;100003;7294.000000000;10;9591017328;S
20240213;100003;7294.000000000;34;9591017329;S
20240213;100003;7293.500000000;100;9591017330;S
20240213;100003;7293.500000000;47;9591017331;S
20240213;100003;7293.500000000;1;9591017332;S
20240213;100003;7293.500000000;1;9591017340;S
20240213;100003;7295.000000000;2;9591017345;B
20240213;100003;7295.000000000;1;9591017346;B
20240213;100003;7293.500000000;1;9591017394;S
20240213;100003;7293.500000000;3;9591017398;S
20240213;100003;7295.000000000;5;9591017409;B
20240213;100003;7293.500000000;1;9591017427;S
20240213;100003;7295.000000000;1;9591017439;B
20240213;100003;7295.500000000;10;9591017440;B
20240213;100003;7295.500000000;17;9591017441;B
20240213;100003;7296.000000000;2;9591017442;B
20240213;100004;7293.500000000;46;9591017525;S
20240213;100004;7293.500000000;2;9591017526;S
20240213;100004;7293.500000000;2;9591017527;S
20240213;100004;7294.500000000;5;9591017609;B
20240213;100004;7294.500000000;2;9591017628;B
20240213;100004;7293.500000000;4;9591017637;S
20240213;100004;7294.500000000;2;9591017874;B
20240213;100004;7294.500000000;1;9591017878;B
20240213;100004;7294.500000000;1;9591017900;B
20240213;100005;7293.500000000;3;9591018176;S
20240213;100005;7293.500000000;3;9591018410;S
20240213;100005;7293.000000000;5;9591018411;S
20240213;100005;7293.000000000;42;9591018412;S
20240213;100005;7293.000000000;2;9591018413;S
20240213;100005;7293.000000000;148;9591018414;S
20240213;100005;7293.500000000;2;9591018601;S
20240213;100005;7294.500000000;2;9591018656;B
20240213;100005;7293.500000000;4;9591018659;S
20240213;100005;7294.500000000;12;9591018660;B
20240213;100005;7295.000000000;42;9591018661;B
20240213;100005;7295.000000000;10;9591018662;B
20240213;100005;7295.500000000;36;9591018663;B
20240213;100005;7295.500000000;24;9591019010;B
20240213;100005;7295.500000000;10;9591019011;B
20240213;100006;7295.500000000;27;9591019320;S
20240213;100006;7295.500000000;16;9591019321;S
20240213;100006;7295.000000000;10;9591019322;S
20240213;100006;7293.000000000;147;9591019323;S
20240213;100006;7296.000000000;4;9591019351;B
20240213;100006;7296.500000000;2;9591019352;B
20240213;100006;7296.500000000;10;9591019353;B
20240213;100006;7296.500000000;8;9591019354;B
20240213;100006;7296.500000000;10;9591019577;B
20240213;100006;7297.000000000;10;9591019578;B
20240213;100006;7297.000000000;1;9591019579;B
20240213;100006;7297.000000000;1;9591019580;B
20240213;100006;7297.000000000;8;9591019581;B
20240213;100006;7296.500000000;1;9591019708;B
20240213;100006;7296.500000000;1;9591019710;B
20240213;100006;7297.000000000;8;9591019967;B
20240213;100006;7294.500000000;1;9591020270;S
20240213;100006;7295.500000000;1;9591020315;B
20240213;100006;7295.500000000;29;9591020476;B
20240213;100006;7294.500000000;1;9591020544;S
20240213;100006;7294.500000000;3;9591020661;S
20240213;100007;7294.500000000;1;9591021069;S
20240213;100007;7297.000000000;2;9591021097;B
20240213;100007;7297.000000000;1;9591021391;B
20240213;100008;7294.500000000;1;9591021655;S
20240213;100008;7297.500000000;42;9591021738;B
20240213;100008;7297.500000000;10;9591021739;B
20240213;100008;7298.000000000;21;9591021740;B
20240213;100008;7298.000000000;39;9591021741;B
20240213;100008;7298.000000000;1;9591021742;B
20240213;100008;7298.000000000;3;9591021743;B
20240213;100008;7298.000000000;2;9591021744;B
20240213;100008;7298.000000000;5;9591021745;B
20240213;100008;7298.000000000;5;9591021746;B
20240213;100008;7298.500000000;1;9591021747;B
20240213;100008;7299.000000000;2;9591021748;B
20240213;100008;7299.000000000;3;9591021749;B
20240213;100008;7299.000000000;13;9591021750;B
20240213;100008;7299.000000000;1;9591021751;B
20240213;100008;7296.500000000;2;9591021752;S
20240213;100008;7296.500000000;4;9591021776;S
20240213;100008;7298.500000000;6;9591021829;B
20240213;100008;7298.500000000;3;9591021830;B
20240213;100008;7298.500000000;1;9591021886;B
20240213;100008;7297.000000000;10;9591021887;S
20240213;100008;7298.500000000;3;9591021893;B
20240213;100008;7298.500000000;7;9591022128;B
20240213;100008;7298.500000000;3;9591022129;B
20240213;100008;7298.500000000;3;9591022130;B
20240213;100008;7296.500000000;1;9591022131;S
20240213;100008;7296.500000000;18;9591022175;S
20240213;100008;7298.500000000;21;9591022227;B
20240213;100008;7299.000000000;10;9591022266;B
20240213;100008;7299.000000000;2;9591022267;B
20240213;100008;7299.000000000;2;9591022268;B
20240213;100008;7299.000000000;10;9591022269;B
20240213;100008;7299.000000000;2;9591022270;B
20240213;100008;7299.000000000;5;9591022271;B
20240213;100008;7299.000000000;4;9591022272;B
20240213;100008;7299.000000000;1;9591022273;B
20240213;100008;7299.000000000;1;9591022274;B
20240213;100008;7299.000000000;1;9591022275;B
20240213;100008;7299.000000000;1;9591022276;B
20240213;100008;7299.000000000;6;9591022277;B
20240213;100008;7299.000000000;1;9591022278;B
20240213;100008;7299.000000000;5;9591022279;B
20240213;100008;7299.000000000;1;9591022280;B
20240213;100008;7299.000000000;19;9591022296;B
20240213;100008;7299.000000000;1;9591022297;B
20240213;100008;7299.000000000;1;9591022298;B
20240213;100008;7299.000000000;7;9591022299;B
20240213;100008;7299.000000000;3;9591022369;B
20240213;100008;7299.000000000;5;9591022370;B
20240213;100008;7299.000000000;19;9591022371;B
20240213;100009;7299.500000000;1;9591022406;B
20240213;100009;7299.500000000;1;9591022407;B
20240213;100009;7297.000000000;1;9591022431;S
20240213;100009;7299.000000000;4;9591022441;B
20240213;100009;7299.500000000;10;9591022502;B
20240213;100009;7299.500000000;6;9591022503;B
20240213;100009;7299.500000000;5;9591022504;B
20240213;100009;7299.500000000;1;9591022505;B
20240213;100009;7299.500000000;5;9591022506;B
20240213;100009;7299.500000000;5;9591022507;B
20240213;100009;7299.500000000;2;9591022508;B
20240213;100009;7299.000000000;10;9591022551;B
20240213;100009;7298.000000000;2;9591022575;S
20240213;100009;7299.500000000;42;9591022604;B
20240213;100009;7299.500000000;2;9591022605;B
20240213;100009;7299.500000000;1;9591022606;B
20240213;100009;7299.500000000;2;9591022607;B
20240213;100009;7299.500000000;2;9591022608;B
20240213;100009;7300.000000000;16;9591022612;B
20240213;100009;7300.000000000;1;9591022613;B
20240213;100009;7300.000000000;10;9591022614;B
20240213;100009;7300.000000000;10;9591022615;B
20240213;100009;7300.000000000;1;9591022616;B
20240213;100009;7300.000000000;15;9591022617;B
20240213;100009;7300.000000000;5;9591022618;B
20240213;100009;7300.000000000;1;9591022619;B
20240213;100009;7300.000000000;5;9591022620;B
20240213;100009;7300.000000000;30;9591022621;B
20240213;100009;7300.000000000;1;9591022622;B
20240213;100009;7300.000000000;10;9591022623;B
20240213;100009;7300.000000000;2;9591022624;B
20240213;100009;7300.000000000;3;9591022625;B
20240213;100009;7300.000000000;12;9591022626;B
20240213;100009;7300.000000000;1;9591022627;B
20240213;100009;7300.000000000;1;9591022628;B
20240213;100009;7300.000000000;1;9591022629;B
20240213;100009;7300.000000000;1;9591022630;B
20240213;100009;7300.000000000;4;9591022631;B
20240213;100009;7300.000000000;13;9591022632;B
20240213;100009;7300.000000000;1;9591022633;B
20240213;100009;7300.000000000;1;9591022634;B
20240213;100009;7300.000000000;1;9591022635;B
20240213;100009;7300.000000000;20;9591022636;B
20240213;100009;7300.000000000;1;9591022637;B
20240213;100009;7300.000000000;3;9591022638;B
20240213;100009;7300.000000000;1;9591022639;B
20240213;100009;7300.000000000;2;9591022640;B
20240213;100009;7300.000000000;13;9591022641;B
20240213;100009;7300.000000000;87;9591022642;B
20240213;100009;7300.000000000;1;9591022643;B
20240213;100009;7300.000000000;2;9591022644;B
20240213;100009;7300.000000000;15;9591022645;B
20240213;100009;7300.000000000;1;9591022646;B
20240213;100009;7300.000000000;1;9591022647;B
20240213;100009;7300.000000000;15;9591022648;B
20240213;100009;7300.000000000;1;9591022649;B
20240213;100009;7300.000000000;100;9591022650;B
20240213;100009;7300.000000000;11;9591022651;B
20240213;100009;7300.000000000;131;9591022652;B
20240213;100009;7300.000000000;2;9591022653;B
20240213;100009;7300.000000000;3;9591022654;B
20240213;100009;7300.000000000;1;9591022655;B
20240213;100009;7300.000000000;1;9591022656;B
20240213;100009;7300.000000000;1;9591022657;B
20240213;100009;7300.000000000;29;9591022658;B
20240213;100009;7300.000000000;51;9591022659;B
20240213;100009;7300.000000000;1;9591022660;B
20240213;100009;7300.000000000;3;9591022661;B
20240213;100009;7300.000000000;1;9591022662;B
20240213;100009;7300.000000000;3;9591022663;B
20240213;100009;7300.000000000;10;9591022664;B
20240213;100009;7300.000000000;10;9591022665;B
20240213;100009;7300.000000000;1;9591022666;B
20240213;100009;7300.000000000;1;9591022667;B
20240213;100009;7300.000000000;32;9591022668;B
20240213;100009;7300.000000000;1;9591022669;B
20240213;100009;7300.000000000;2;9591022670;B
20240213;100009;7300.000000000;1;9591022671;B
20240213;100009;7300.000000000;2;9591022672;B
20240213;100009;7300.000000000;2;9591022673;B
20240213;100009;7300.000000000;8;9591022674;B
20240213;100009;7300.000000000;1;9591022675;B
20240213;100009;7300.000000000;50;9591022676;B
20240213;100009;7300.000000000;28;9591022677;B
20240213;100009;7300.000000000;5;9591022678;B
20240213;100009;7300.000000000;1;9591022679;B
20240213;100009;7300.000000000;2;9591022680;B
20240213;100009;7300.000000000;10;9591022681;B
20240213;100009;7300.000000000;1;9591022682;B
20240213;100009;7300.000000000;1;9591022683;B
20240213;100009;7300.000000000;3;9591022684;B
20240213;100009;7300.000000000;1;9591022685;B
20240213;100009;7300.000000000;3;9591022686;B
20240213;100009;7300.000000000;1;9591022687;B
20240213;100009;7300.000000000;82;9591022688;B
20240213;100009;7300.000000000;85;9591022689;B
20240213;100009;7298.500000000;3;9591022767;S
20240213;100009;7300.000000000;12;9591022878;B
20240213;100009;7300.000000000;1;9591022879;B
20240213;100009;7300.000000000;1;9591022880;B
20240213;100009;7300.000000000;1;9591022881;B
20240213;100009;7300.000000000;15;9591022882;B
20240213;100009;7300.000000000;4;9591022883;B
20240213;100009;7300.000000000;6;9591022920;B
20240213;100009;7300.000000000;1;9591022921;B
20240213;100009;7300.000000000;1;9591022922;B
20240213;100009;7300.000000000;1;9591022923;B
20240213;100009;7300.000000000;5;9591022924;B
20240213;100009;7300.000000000;3;9591022925;B
20240213;100009;7300.000000000;4;9591022926;B
20240213;100009;7300.000000000;1;9591022927;B
20240213;100009;7300.000000000;5;9591022928;B
20240213;100009;7300.000000000;1;9591022929;B
20240213;100009;7300.000000000;33;9591022930;B
20240213;100009;7300.000000000;8;9591022931;B
20240213;100009;7300.000000000;1;9591022932;B
20240213;100009;7300.000000000;10;9591022933;B
20240213;100009;7300.000000000;1;9591022934;B
20240213;100009;7300.000000000;8;9591022935;B
20240213;100009;7300.000000000;1;9591022936;B
20240213;100009;7300.000000000;1;9591022937;B
20240213;100009;7300.000000000;40;9591022938;B
20240213;100009;7300.000000000;2;9591022939;B
20240213;100009;7300.000000000;5;9591022940;B
20240213;100009;7300.000000000;1;9591022941;B
20240213;100009;7300.000000000;2;9591022942;B
20240213;100009;7300.000000000;34;9591022943;B
20240213;100009;7300.000000000;1;9591022944;B
20240213;100009;7300.000000000;1;9591022945;B
20240213;100009;7300.000000000;5;9591022946;B
20240213;100009;7300.000000000;1;9591022947;B
20240213;100009;7300.000000000;1;9591022948;B
20240213;100009;7300.000000000;1;9591022949;B
20240213;100009;7300.000000000;3;9591022950;B
20240213;100009;7300.000000000;4;9591022951;B
20240213;100009;7300.000000000;5;9591022952;B
20240213;100009;7300.000000000;5;9591022953;B
20240213;100009;7300.000000000;3;9591022954;B
20240213;100009;7300.000000000;2;9591022955;B
20240213;100009;7300.000000000;1;9591022956;B
20240213;100009;7300.000000000;2;9591022957;B
20240213;100009;7300.000000000;1;9591022958;B
20240213;100009;7300.000000000;15;9591022959;B
20240213;100009;7300.000000000;1;9591022960;B
20240213;100009;7300.000000000;6;9591022961;B
20240213;100009;7300.000000000;1;9591022962;B
20240213;100009;7300.000000000;1;9591022963;B
20240213;100009;7300.000000000;1;9591022964;B
20240213;100009;7300.000000000;1;9591022965;B
20240213;100009;7300.000000000;5;9591022966;B
20240213;100009;7300.000000000;5;9591022967;B
20240213;100009;7300.000000000;3;9591022968;B
20240213;100009;7298.500000000;2;9591023000;S
20240213;100009;7300.000000000;1;9591023013;B
20240213;100010;7300.000000000;4;9591023054;B
20240213;100010;7300.000000000;2;9591023055;B
20240213;100010;7300.000000000;1;9591023056;B
20240213;100010;7300.000000000;1;9591023057;B
20240213;100010;7300.000000000;1;9591023058;B
20240213;100010;7300.000000000;2;9591023059;B
20240213;100010;7300.000000000;1;9591023060;B
20240213;100010;7300.000000000;10;9591023061;B
20240213;100010;7300.000000000;10;9591023062;B
20240213;100010;7300.000000000;2;9591023063;B
20240213;100010;7300.000000000;5;9591023064;B
20240213;100010;7300.000000000;314;9591023065;B
20240213;100010;7300.000000000;1;9591023066;B
20240213;100010;7300.000000000;2;9591023067;B
20240213;100010;7300.000000000;5;9591023068;B
20240213;100010;7300.000000000;1;9591023069;B
20240213;100010;7300.000000000;1;9591023070;B
20240213;100010;7300.000000000;5;9591023071;B
20240213;100010;7300.000000000;2;9591023072;B
20240213;100010;7300.000000000;3;9591023073;B
20240213;100010;7300.000000000;8;9591023074;B
20240213;100010;7300.000000000;1;9591023075;B
20240213;100010;7300.000000000;1;9591023076;B
20240213;100010;7300.000000000;1;9591023077;B
20240213;100010;7300.000000000;3;9591023078;B
20240213;100010;7300.000000000;1;9591023079;B
20240213;100010;7300.000000000;1;9591023080;B
20240213;100010;7300.000000000;1;9591023081;B
20240213;100010;7300.000000000;3;9591023082;B
20240213;100010;7300.000000000;5;9591023083;B
20240213;100010;7300.000000000;11;9591023084;B
20240213;100010;7300.000000000;10;9591023085;B
20240213;100010;7300.000000000;6;9591023086;B
20240213;100010;7300.000000000;3;9591023087;B
20240213;100010;7300.000000000;3;9591023088;B
20240213;100010;7300.000000000;50;9591023089;B
20240213;100010;7300.000000000;11;9591023090;B
20240213;100010;7300.000000000;33;9591023091;B
20240213;100010;7300.000000000;1;9591023092;B
20240213;100010;7300.000000000;2;9591023093;B
20240213;100010;7300.000000000;1;9591023094;B
20240213;100010;7300.000000000;2;9591023095;B
20240213;100010;7300.000000000;1;9591023096;B
20240213;100010;7300.000000000;1;9591023097;B
20240213;100010;7300.000000000;13;9591023098;B
20240213;100010;7300.000000000;4;9591023099;B
20240213;100010;7300.000000000;1;9591023100;B
20240213;100010;7300.000000000;5;9591023101;B
20240213;100010;7300.000000000;1;9591023102;B
20240213;100010;7300.000000000;3;9591023103;B
20240213;100010;7300.000000000;3;9591023104;B
20240213;100010;7300.000000000;3;9591023105;B
20240213;100010;7300.000000000;2;9591023106;B
20240213;100010;7300.000000000;10;9591023107;B
20240213;100010;7300.000000000;10;9591023108;B
20240213;100010;7300.000000000;2;9591023109;B
20240213;100010;7300.000000000;5;9591023110;B
20240213;100010;7300.000000000;2;9591023111;B
20240213;100010;7300.000000000;1;9591023112;B
20240213;100010;7300.000000000;2;9591023113;B
20240213;100010;7300.000000000;2;9591023114;B
20240213;100010;7300.000000000;3;9591023115;B
20240213;100010;7300.000000000;1;9591023116;B
20240213;100010;7300.000000000;2;9591023117;B
20240213;100010;7300.000000000;1;9591023118;B
20240213;100010;7300.000000000;5;9591023119;B
20240213;100010;7300.000000000;6;9591023120;B
20240213;100010;7300.000000000;1;9591023121;B
20240213;100010;7300.000000000;3;9591023122;B
20240213;100010;7300.000000000;1;9591023123;B
20240213;100010;7300.000000000;5;9591023124;B
20240213;100010;7300.000000000;2;9591023125;B
20240213;100010;7300.000000000;1;9591023126;B
20240213;100010;7300.000000000;1;9591023127;B
20240213;100010;7300.000000000;1;9591023128;B
20240213;100010;7300.000000000;5;9591023129;B
20240213;100010;7300.000000000;2;9591023130;B
20240213;100010;7300.000000000;1;9591023131;B
20240213;100010;7300.000000000;3;9591023132;B
20240213;100010;7300.000000000;2;9591023133;B
20240213;100010;7300.000000000;10;9591023134;B
20240213;100010;7300.000000000;1;9591023135;B
20240213;100010;7300.000000000;3;9591023136;B
20240213;100010;7300.000000000;1;9591023137;B
20240213;100010;7300.000000000;8;9591023138;B
20240213;100010;7300.000000000;5;9591023139;B
20240213;100010;7300.000000000;8;9591023140;B
20240213;100010;7300.000000000;10;9591023141;B
20240213;100010;7300.000000000;9;9591023142;B
20240213;100010;7300.000000000;2;9591023143;B
20240213;100010;7300.000000000;10;9591023144;B
20240213;100010;7300.000000000;2;9591023145;B
20240213;100010;7300.000000000;1;9591023146;B
20240213;100010;7300.000000000;2;9591023147;B
20240213;100010;7300.000000000;19;9591023148;B
20240213;100010;7300.000000000;2;9591023149;B
20240213;100010;7300.000000000;1;9591023150;B
20240213;100010;7300.000000000;1;9591023151;B
20240213;100010;7300.000000000;30;9591023152;B
20240213;100010;7300.000000000;1;9591023153;B
20240213;100010;7300.000000000;1;9591023154;B
20240213;100010;7300.000000000;23;9591023155;B
20240213;100010;7300.000000000;1;9591023156;B
20240213;100010;7300.000000000;5;9591023157;B
20240213;100010;7300.000000000;2;9591023158;B
20240213;100010;7300.000000000;6;9591023159;B
20240213;100010;7300.000000000;5;9591023160;B
20240213;100010;7300.000000000;3;9591023161;B
20240213;100010;7300.000000000;14;9591023162;B
20240213;100010;7300.000000000;1;9591023163;B
20240213;100010;7300.000000000;40;9591023164;B
20240213;100010;7300.000000000;3;9591023165;B
20240213;100010;7300.000000000;10;9591023166;B
20240213;100010;7300.000000000;1;9591023167;B
20240213;100010;7300.000000000;5;9591023168;B
20240213;100010;7300.000000000;10;9591023169;B
20240213;100010;7300.000000000;3;9591023170;B
20240213;100010;7300.000000000;1;9591023171;B
20240213;100010;7300.000000000;1;9591023172;B
20240213;100010;7300.000000000;1;9591023173;B
20240213;100010;7300.000000000;2;9591023174;B
20240213;100010;7300.000000000;1;9591023175;B
20240213;100010;7300.000000000;2;9591023176;B
20240213;100010;7300.000000000;14;9591023177;B
20240213;100010;7300.000000000;22;9591023178;B
20240213;100010;7300.000000000;8;9591023179;B
20240213;100010;7300.000000000;10;9591023180;B
20240213;100010;7300.000000000;1;9591023181;B
20240213;100010;7300.000000000;1;9591023182;B
20240213;100010;7300.000000000;2;9591023183;B
20240213;100010;7300.000000000;12;9591023184;B
20240213;100010;7300.000000000;2;9591023185;B
20240213;100010;7300.000000000;1;9591023186;B
20240213;100010;7300.000000000;3;9591023187;B
20240213;100010;7300.000000000;1;9591023188;B
20240213;100010;7300.000000000;1;9591023189;B
20240213;100010;7300.000000000;1;9591023190;B
20240213;100010;7300.000000000;2;9591023191;B
20240213;100010;7300.000000000;2;9591023192;B
20240213;100010;7300.000000000;1;9591023193;B
20240213;100010;7300.000000000;1;9591023194;B
20240213;100010;7299.000000000;10;9591023198;S
20240213;100010;7299.000000000;5;9591023199;S
20240213;100010;7300.000000000;8;9591023211;B
20240213;100010;7300.000000000;2;9591023212;B
20240213;100010;7300.000000000;5;9591023213;B
20240213;100010;7300.000000000;10;9591023214;B
20240213;100010;7300.000000000;1;9591023215;B
20240213;100010;7300.000000000;2;9591023216;B
20240213;100010;7300.000000000;1;9591023217;B
20240213;100010;7300.000000000;1;9591023218;B
20240213;100010;7300.500000000;10;9591023219;B
20240213;100010;7300.500000000;180;9591023226;B
20240213;100010;7300.500000000;8;9591023227;B
20240213;100010;7300.500000000;5;9591023228;B
20240213;100010;7301.000000000;6;9591023284;B
20240213;100010;7301.000000000;1;9591023285;B
20240213;100010;7301.000000000;1;9591023286;B
20240213;100010;7301.000000000;100;9591023287;B
20240213;100010;7301.500000000;1;9591023288;B
20240213;100010;7301.500000000;5;9591023289;B
20240213;100010;7302.000000000;2;9591023290;B
20240213;100010;7302.000000000;3;9591023291;B
20240213;100010;7302.500000000;1;9591023293;B
20240213;100010;7302.500000000;1;9591023294;B
20240213;100010;7302.500000000;32;9591023295;B
20240213;100010;7302.000000000;7;9591023306;S
20240213;100010;7302.000000000;10;9591023307;S
20240213;100010;7301.500000000;42;9591023308;S
20240213;100010;7301.000000000;41;9591023309;S
20240213;100010;7302.500000000;5;9591023322;B
20240213;100010;7302.500000000;6;9591023345;B
20240213;100010;7301.500000000;1;9591023381;S
20240213;100010;7302.500000000;2;9591023412;B
20240213;100010;7302.500000000;50;9591023444;B
20240213;100010;7301.500000000;3;9591023448;S
20240213;100010;7302.500000000;1;9591023489;B
20240213;100010;7301.500000000;6;9591023490;S
20240213;100010;7301.500000000;35;9591023491;S
20240213;100010;7301.500000000;29;9591023492;S
20240213;100010;7302.000000000;1;9591023493;S
20240213;100010;7302.500000000;1;9591023496;B
20240213;100010;7302.500000000;2;9591023497;B
20240213;100010;7302.000000000;2;9591023499;S
20240213;100010;7303.500000000;1;9591023502;B
20240213;100010;7302.500000000;2;9591023519;S
20240213;100010;7302.500000000;4;9591023540;S
20240213;100010;7302.500000000;1;9591023549;S
20240213;100010;7302.500000000;27;9591023550;S
20240213;100010;7302.500000000;10;9591023551;S
20240213;100010;7302.000000000;4;9591023552;S
20240213;100010;7301.500000000;9;9591023553;S
20240213;100010;7302.000000000;1;9591023558;S
20240213;100010;7302.000000000;9;9591023559;S
20240213;100010;7301.500000000;11;9591023560;S
20240213;100010;7301.500000000;1;9591023561;S
20240213;100010;7302.000000000;1;9591023564;S
20240213;100010;7302.000000000;9;9591023565;S
20240213;100010;7303.500000000;1;9591023569;S
20240213;100010;7304.000000000;3;9591023570;B
20240213;100010;7304.000000000;1;9591023571;B
20240213;100010;7304.500000000;20;9591023596;B
20240213;100010;7304.500000000;5;9591023597;B
20240213;100010;7304.500000000;7;9591023598;B
20240213;100010;7305.000000000;5;9591023599;B
20240213;100010;7305.000000000;2;9591023600;B
20240213;100010;7305.000000000;3;9591023601;B
20240213;100010;7305.000000000;8;9591023602;B
20240213;100010;7303.500000000;4;9591023619;S
20240213;100010;7304.000000000;1;9591023642;B
20240213;100010;7303.500000000;5;9591023649;S
20240213;100010;7303.500000000;5;9591023650;S
20240213;100010;7305.000000000;30;9591023651;B
20240213;100010;7303.500000000;12;9591023663;S
20240213;100010;7303.500000000;1;9591023668;S
20240213;100010;7304.500000000;3;9591023679;B
20240213;100011;7304.500000000;7;9591023700;B
20240213;100011;7305.000000000;1;9591023701;B
20240213;100011;7305.000000000;1;9591023740;B
20240213;100011;7303.500000000;5;9591023758;S
20240213;100011;7305.000000000;8;9591023789;B
20240213;100011;7305.000000000;1;9591023792;B
20240213;100011;7305.000000000;1;9591023800;B
20240213;100011;7303.500000000;1;9591023815;S
20240213;100011;7305.500000000;1;9591023835;B
20240213;100011;7305.500000000;10;9591023836;B
20240213;100011;7305.500000000;1;9591023837;B
20240213;100011;7306.000000000;3;9591023839;B
20240213;100011;7306.000000000;1;9591023840;B
20240213;100011;7306.000000000;2;9591023841;B
20240213;100011;7306.500000000;4;9591023842;B
20240213;100011;7306.500000000;1;9591023921;B
20240213;100011;7307.000000000;5;9591023922;B
20240213;100011;7307.000000000;2;9591023923;B
20240213;100011;7307.000000000;5;9591023924;B
20240213;100011;7307.000000000;7;9591023925;B
20240213;100011;7307.000000000;2;9591023943;B
20240213;100011;7307.000000000;16;9591023944;B
20240213;100011;7308.000000000;1;9591023945;B
20240213;100011;7308.000000000;8;9591023946;B
20240213;100011;7308.000000000;2;9591023948;B
20240213;100011;7308.500000000;2;9591023959;B
20240213;100011;7308.500000000;10;9591023960;B
20240213;100011;7309.000000000;9;9591023961;B
20240213;100011;7309.000000000;1;9591023962;B
20240213;100011;7309.000000000;2;9591023963;B
20240213;100011;7309.000000000;78;9591023964;B
20240213;100011;7309.000000000;1;9591023997;B
20240213;100011;7309.000000000;1;9591023999;B
20240213;100011;7309.000000000;2;9591024019;B
20240213;100011;7309.500000000;1;9591024023;B
20240213;100011;7309.500000000;1;9591024024;B
20240213;100011;7308.000000000;1;9591024064;S
20240213;100011;7307.500000000;4;9591024065;S
20240213;100011;7306.500000000;1;9591024066;S
20240213;100011;7306.500000000;3;9591024071;S
20240213;100011;7306.500000000;1;9591024073;S
20240213;100011;7307.000000000;1;9591024078;B
20240213;100011;7309.000000000;10;9591024080;B
20240213;100011;7309.500000000;4;9591024081;B
20240213;100011;7309.500000000;8;9591024082;B
20240213;100011;7309.500000000;4;9591024083;B
20240213;100011;7310.000000000;4;9591024084;B
20240213;100011;7306.500000000;2;9591024087;S
20240213;100011;7309.500000000;1;9591024100;B
20240213;100011;7306.500000000;1;9591024106;S
20240213;100011;7306.500000000;5;9591024174;S
20240213;100012;7306.500000000;2;9591024184;S
20240213;100012;7306.500000000;11;9591024185;S
20240213;100012;7306.500000000;5;9591024187;S
20240213;100012;7306.500000000;5;9591024200;S
20240213;100012;7309.000000000;3;9591024202;B
20240213;100012;7306.500000000;3;9591024208;S
20240213;100012;7306.500000000;1;9591024209;S
20240213;100012;7306.500000000;2;9591024233;S
20240213;100012;7306.500000000;5;9591024236;S
20240213;100012;7306.500000000;2;9591024254;S
20240213;100012;7306.500000000;2;9591024255;S
20240213;100012;7306.500000000;5;9591024280;S
20240213;100012;7308.000000000;2;9591024314;S
20240213;100012;7307.500000000;2;9591024315;S
20240213;100012;7307.000000000;1;9591024316;S
20240213;100012;7307.500000000;2;9591024332;S
20240213;100012;7307.500000000;5;9591024350;S
20240213;100012;7307.000000000;1;9591024359;S
20240213;100012;7307.000000000;4;9591024360;S
20240213;100012;7305.500000000;1;9591024365;S
20240213;100012;7307.000000000;2;9591024378;S
20240213;100012;7306.500000000;3;9591024379;S
20240213;100012;7305.500000000;2;9591024390;S
20240213;100012;7303.500000000;5;9591024401;S
20240213;100012;7306.500000000;14;9591024403;B
20240213;100012;7307.000000000;10;9591024404;B
20240213;100012;7307.500000000;10;9591024405;B
20240213;100012;7308.500000000;2;9591024406;B
20240213;100012;7308.500000000;10;9591024407;B
20240213;100012;7309.000000000;9;9591024408;B
20240213;100012;7309.000000000;1;9591024409;B
20240213;100012;7309.500000000;3;9591024410;B
20240213;100012;7309.500000000;9;9591024411;B
20240213;100012;7304.000000000;5;9591024434;S
20240213;100013;7303.500000000;10;9591024490;S
20240213;100013;7303.500000000;10;9591024491;S
20240213;100013;7303.500000000;1;9591024492;S
20240213;100013;7306.500000000;1;9591024493;B
20240213;100013;7308.500000000;1;9591024494;B
20240213;100013;7305.000000000;5;9591024504;S
20240213;100013;7305.500000000;5;9591024557;B
20240213;100013;7305.500000000;5;9591024568;B
20240213;100013;7305.500000000;5;9591024579;B
20240213;100013;7305.500000000;4;9591024596;B
20240213;100013;7305.500000000;1;9591024598;B
20240213;100013;7306.500000000;5;9591024623;S
20240213;100014;7306.500000000;5;9591024648;S
20240213;100014;7308.000000000;2;9591024661;B
20240213;100014;7306.500000000;5;9591024669;S
20240213;100014;7306.500000000;5;9591024688;S
20240213;100014;7307.500000000;4;9591024699;B
20240213;100014;7307.500000000;10;9591024700;B
20240213;100014;7309.500000000;36;9591024701;B
20240213;100014;7306.500000000;5;9591024708;S
20240213;100014;7307.000000000;1;9591024741;B
20240213;100014;7307.000000000;3;9591024742;B
20240213;100014;7306.500000000;1;9591024766;S
20240213;100014;7309.000000000;1;9591024773;B
20240213;100014;7306.500000000;1;9591024799;S
20240213;100014;7306.500000000;10;9591024800;S
20240213;100014;7306.000000000;5;9591024801;S
20240213;100014;7308.500000000;10;9591024803;S
20240213;100015;7309.500000000;1;9591024884;B
20240213;100015;7308.500000000;5;9591024888;S
20240213;100015;7308.500000000;5;9591024900;S
20240213;100015;7308.500000000;5;9591024919;S
20240213;100015;7309.000000000;3;9591024938;B
20240213;100015;7308.500000000;5;9591024949;S
20240213;100015;7309.000000000;7;9591024950;B
20240213;100015;7309.000000000;1;9591024951;B
20240213;100015;7309.500000000;2;9591024952;B
20240213;100015;7308.500000000;5;9591024966;S
20240213;100015;7309.500000000;40;9591024978;B
20240213;100015;7309.500000000;10;9591024979;B
20240213;100015;7310.000000000;1;9591024980;B
20240213;100015;7310.000000000;1;9591024981;B
20240213;100015;7309.500000000;5;9591024992;S
20240213;100015;7309.500000000;6;9591025077;S
20240213;100016;7309.500000000;5;9591025188;B
20240213;100016;7310.000000000;24;9591025238;B
20240213;100016;7310.000000000;5;9591025239;B
20240213;100016;7310.000000000;6;9591025240;B
20240213;100016;7310.000000000;4;9591025241;B
20240213;100016;7309.000000000;5;9591025310;S
20240213;100017;7309.000000000;5;9591025336;S
20240213;100017;7309.000000000;5;9591025345;S
20240213;100017;7309.000000000;5;9591025360;S
20240213;100017;7309.000000000;1;9591025367;S
20240213;100017;7308.000000000;4;9591025368;S
20240213;100017;7309.000000000;5;9591025383;S
20240213;100017;7309.000000000;5;9591025390;S
20240213;100017;7309.000000000;5;9591025397;S
20240213;100017;7309.000000000;5;9591025406;S
20240213;100017;7309.500000000;1;9591025410;B
20240213;100017;7309.000000000;5;9591025420;S
20240213;100017;7309.500000000;1;9591025424;B
20240213;100017;7309.000000000;5;9591025437;S
20240213;100017;7309.500000000;1;9591025441;B
20240213;100017;7309.000000000;5;9591025464;S
20240213;100017;7309.000000000;5;9591025475;S
20240213;100018;7309.000000000;5;9591025505;S
20240213;100018;7309.000000000;5;9591025538;S
20240213;100018;7309.000000000;5;9591025588;S
20240213;100018;7309.000000000;5;9591025593;S
20240213;100018;7309.000000000;5;9591025620;S
20240213;100018;7309.000000000;5;9591025629;S
20240213;100018;7309.000000000;5;9591025634;S
20240213;100018;7309.000000000;2;9591025649;S
20240213;100018;7308.000000000;3;9591025650;S
20240213;100018;7308.000000000;5;9591025663;S
20240213;100019;7308.500000000;5;9591025850;B
20240213;100019;7309.500000000;25;9591025851;B
20240213;100019;7308.000000000;5;9591025893;S
20240213;100020;7308.000000000;5;9591025905;S
20240213;100020;7308.000000000;5;9591025918;S
20240213;100020;7308.000000000;5;9591025954;S
20240213;100020;7308.000000000;5;9591025969;S
20240213;100020;7309.000000000;50;9591025970;B
20240213;100020;7308.000000000;5;9591026038;S
20240213;100020;7308.000000000;5;9591026052;S
20240213;100020;7308.000000000;5;9591026124;S
20240213;100020;7308.000000000;10;9591026160;S
20240213;100020;7308.000000000;6;9591026163;S
20240213;100020;7308.000000000;10;9591026164;S
20240213;100020;7308.000000000;6;9591026165;S
20240213;100021;7306.500000000;5;9591026171;B
20240213;100021;7308.000000000;10;9591026172;B
20240213;100021;7308.500000000;23;9591026173;S
20240213;100021;7306.000000000;5;9591026374;S
20240213;100021;7306.000000000;1;9591026410;S
20240213;100022;7305.000000000;1;9591026490;S
20240213;100022;7304.500000000;7;9591026491;S
20240213;100022;7304.500000000;3;9591026509;S
20240213;100022;7304.000000000;6;9591026510;S
20240213;100022;7304.000000000;34;9591026511;S
20240213;100022;7303.500000000;1;9591026512;S
20240213;100022;7303.000000000;11;9591026513;S
20240213;100022;7303.500000000;5;9591026658;S
20240213;100022;7305.500000000;2;9591026673;B
20240213;100022;7303.500000000;5;9591026675;S
20240213;100022;7303.000000000;9;9591026676;S
20240213;100023;7303.500000000;10;9591026806;S
20240213;100023;7303.000000000;40;9591026807;S
20240213;100023;7303.000000000;12;9591026816;S
20240213;100024;7303.500000000;10;9591027273;B
20240213;100024;7303.500000000;2;9591027274;B
20240213;100024;7304.000000000;2;9591027275;B
20240213;100024;7304.500000000;10;9591027276;B
20240213;100024;7305.000000000;2;9591027277;B
20240213;100024;7305.000000000;10;9591027278;B
20240213;100024;7305.500000000;5;9591027279;B
20240213;100024;7306.000000000;9;9591027280;B
20240213;100025;7303.000000000;15;9591027345;S
20240213;100025;7305.500000000;3;9591027493;S
20240213;100025;7305.500000000;5;9591027494;S
20240213;100025;7304.500000000;10;9591027608;B
20240213;100025;7306.000000000;10;9591027609;B
20240213;100026;7305.500000000;10;9591027639;B
20240213;100026;7304.000000000;6;9591027674;S
20240213;100026;7303.500000000;9;9591027675;S
20240213;100027;7305.000000000;1;9591027846;B
20240213;100028;7305.500000000;10;9591027945;B
20240213;100028;7305.500000000;5;9591027946;B
20240213;100028;7306.000000000;5;9591027947;B
20240213;100028;7305.500000000;5;9591027948;B
20240213;100028;7305.500000000;1;9591027971;B
20240213;100028;7304.500000000;3;9591028050;S
20240213;100029;7305.500000000;1;9591028385;B
20240213;100029;7305.500000000;2;9591028592;B
20240213;100029;7305.500000000;6;9591028605;B
20240213;100029;7305.500000000;1;9591028606;B
20240213;100029;7306.000000000;18;9591028607;B
20240213;100030;7305.500000000;1;9591028753;B
20240213;100030;7305.500000000;2;9591028757;B
20240213;100030;7304.500000000;3;9591028800;S
20240213;100030;7303.500000000;2;9591028801;S
20240213;100030;7305.500000000;1;9591028856;B
20240213;100031;7304.000000000;1;9591029020;S
20240213;100031;7304.500000000;5;9591029025;B
20240213;100031;7305.500000000;41;9591029026;B
20240213;100031;7306.000000000;24;9591029027;B
20240213;100031;7304.000000000;5;9591029057;S
20240213;100031;7304.000000000;4;9591029082;S
20240213;100031;7303.500000000;1;9591029083;S
20240213;100031;7304.000000000;5;9591029104;S
20240213;100031;7304.000000000;5;9591029134;S
20240213;100031;7305.000000000;5;9591029152;S
20240213;100031;7305.000000000;5;9591029183;S
20240213;100031;7305.500000000;42;9591029197;B
20240213;100031;7305.500000000;10;9591029198;B
20240213;100031;7306.000000000;48;9591029199;B
20240213;100031;7305.000000000;5;9591029206;S
20240213;100031;7305.000000000;5;9591029216;S
20240213;100031;7305.000000000;5;9591029220;S
20240213;100031;7305.500000000;10;9591029224;B
20240213;100032;7305.000000000;5;9591029238;S
20240213;100032;7305.000000000;5;9591029247;S
20240213;100032;7305.000000000;5;9591029254;S
20240213;100032;7305.000000000;5;9591029270;S
20240213;100032;7305.000000000;3;9591029283;S
20240213;100032;7304.000000000;2;9591029284;S
20240213;100032;7304.000000000;5;9591029308;S
20240213;100032;7305.500000000;32;9591029318;B
20240213;100032;7305.500000000;10;9591029319;B
20240213;100032;7306.000000000;133;9591029320;B
20240213;100032;7306.000000000;4;9591029321;B
20240213;100032;7307.000000000;60;9591029322;B
20240213;100032;7307.000000000;10;9591029323;B
20240213;100032;7307.500000000;10;9591029324;B
20240213;100032;7307.500000000;15;9591029325;B
20240213;100032;7308.000000000;20;9591029326;B
20240213;100032;7308.000000000;10;9591029327;B
20240213;100032;7308.000000000;2;9591029328;B
20240213;100032;7308.000000000;34;9591029329;B
20240213;100032;7308.500000000;39;9591029330;B
20240213;100032;7309.000000000;50;9591029331;B
20240213;100032;7309.000000000;5;9591029332;B
20240213;100032;7309.000000000;5;9591029333;B
20240213;100032;7309.000000000;57;9591029334;B
20240213;100032;7309.500000000;2;9591029335;B
20240213;100032;7309.500000000;10;9591029336;B
20240213;100032;7310.000000000;1;9591029337;B
20240213;100032;7310.000000000;200;9591029338;B
20240213;100032;7310.000000000;1;9591029339;B
20240213;100032;7310.000000000;90;9591029340;B
20240213;100032;7306.000000000;5;9591029378;S
20240213;100032;7306.000000000;5;9591029379;S
20240213;100032;7305.500000000;7;9591029380;S
20240213;100032;7306.000000000;1;9591029385;S
20240213;100032;7309.000000000;2;9591029457;B
20240213;100033;7306.000000000;5;9591029545;S
20240213;100033;7306.000000000;4;9591029552;S
20240213;100033;7305.500000000;1;9591029553;S
20240213;100033;7306.000000000;5;9591029557;S
20240213;100033;7306.000000000;5;9591029566;S
20240213;100033;7306.000000000;5;9591029601;S
20240213;100033;7306.000000000;5;9591029668;S
20240213;100033;7309.000000000;10;9591029676;B
20240213;100033;7309.500000000;42;9591029677;B
20240213;100033;7309.500000000;8;9591029678;B
20240213;100033;7310.000000000;40;9591029679;B
20240213;100033;7306.500000000;5;9591029721;S
20240213;100034;7306.000000000;5;9591029745;S
20240213;100034;7306.000000000;5;9591029751;S
20240213;100034;7306.000000000;5;9591029766;S
20240213;100034;7306.000000000;5;9591029778;S
20240213;100034;7306.000000000;5;9591029793;S
20240213;100034;7306.000000000;5;9591029815;S
20240213;100035;7309.500000000;10;9591029948;B
20240213;100035;7309.500000000;8;9591029949;B
20240213;100035;7307.000000000;1;9591029994;S
20240213;100035;7307.000000000;4;9591029995;S
20240213;100035;7305.500000000;10;9591030031;S
20240213;100035;7305.500000000;60;9591030032;S
20240213;100035;7305.500000000;16;9591030033;S
20240213;100036;7305.500000000;5;9591030132;S
20240213;100036;7305.500000000;1;9591030133;S
20240213;100036;7306.500000000;1;9591030247;B
20240213;100036;7305.500000000;5;9591030289;S
20240213;100036;7305.500000000;5;9591030301;S
20240213;100038;7304.500000000;5;9591030509;S
20240213;100038;7304.500000000;5;9591030535;S
20240213;100038;7304.500000000;5;9591030586;S
20240213;100038;7304.500000000;5;9591030615;S
20240213;100039;7308.000000000;10;9591030725;B
20240213;100039;7305.500000000;3;9591030820;S
20240213;100039;7305.500000000;5;9591030875;S
20240213;100039;7305.000000000;5;9591030938;S
20240213;100039;7308.000000000;10;9591030939;B
20240213;100039;7308.500000000;1;9591030940;B
20240213;100039;7305.500000000;5;9591030945;S
20240213;100040;7305.500000000;5;9591031042;S
20240213;100040;7306.000000000;2;9591031158;S
20240213;100040;7306.000000000;57;9591031167;S
20240213;100040;7307.000000000;5;9591031174;B
20240213;100040;7307.000000000;5;9591031195;B
20240213;100040;7307.500000000;5;9591031196;B
20240213;100040;7308.000000000;42;9591031197;B
20240213;100040;7308.500000000;1;9591031198;B
20240213;100040;7308.500000000;34;9591031199;B
20240213;100040;7309.000000000;50;9591031200;B
20240213;100040;7309.500000000;2;9591031201;B
20240213;100040;7309.500000000;15;9591031202;B
20240213;100040;7309.500000000;30;9591031203;B
20240213;100040;7309.500000000;6;9591031204;B
20240213;100040;7310.000000000;70;9591031205;B
20240213;100040;7310.000000000;1;9591031206;B
20240213;100040;7310.000000000;20;9591031207;B
20240213;100040;7310.000000000;7;9591031208;B
20240213;100040;7310.000000000;10;9591031209;B
20240213;100040;7310.000000000;2;9591031210;B
20240213;100040;7310.000000000;1;9591031211;B
20240213;100040;7310.000000000;4;9591031212;B
20240213;100040;7310.000000000;2;9591031213;B
20240213;100040;7310.000000000;4;9591031214;B
20240213;100040;7310.000000000;1;9591031215;B
20240213;100040;7310.000000000;25;9591031216;B
20240213;100040;7310.000000000;1;9591031217;B
20240213;100040;7310.000000000;11;9591031218;B
20240213;100040;7310.000000000;1;9591031219;B
20240213;100040;7310.000000000;1;9591031220;B
20240213;100040;7310.500000000;10;9591031221;B
20240213;100040;7310.500000000;1;9591031222;B
20240213;100040;7310.500000000;1;9591031223;B
20240213;100040;7310.500000000;1;9591031224;B
20240213;100040;7310.500000000;60;9591031225;B
20240213;100040;7311.000000000;4;9591031226;B
20240213;100040;7311.000000000;72;9591031227;B
20240213;100040;7307.000000000;4;9591031280;B
20240213;100040;7307.000000000;1;9591031281;B
20240213;100041;7306.500000000;3;9591031348;S
20240213;100041;7306.500000000;1;9591031351;S
20240213;100041;7306.500000000;6;9591031353;S
20240213;100041;7306.500000000;14;9591031354;S
20240213;100041;7307.000000000;3;9591031375;S
20240213;100041;7307.000000000;7;9591031387;S
20240213;100041;7306.500000000;13;9591031388;S
20240213;100041;7307.000000000;2;9591031432;S
20240213;100041;7306.500000000;3;9591031433;S
20240213;100041;7307.000000000;5;9591031499;S
20240213;100041;7307.000000000;5;9591031503;S
20240213;100041;7307.000000000;5;9591031529;S
20240213;100041;7307.000000000;5;9591031538;S
20240213;100041;7309.000000000;33;9591031540;S
20240213;100042;7307.000000000;5;9591031564;S
20240213;100042;7307.000000000;1;9591031582;S
20240213;100042;7306.500000000;4;9591031583;S
20240213;100042;7308.000000000;2;9591031600;B
20240213;100042;7306.000000000;3;9591031683;S
20240213;100042;7306.000000000;10;9591031711;S
20240213;100043;7308.000000000;1;9591031772;B
20240213;100043;7307.500000000;2;9591031945;S
20240213;100043;7308.000000000;5;9591031947;B
20240213;100044;7308.000000000;4;9591032108;S
20240213;100045;7308.000000000;1;9591032186;S
20240213;100045;7308.000000000;3;9591032223;S
20240213;100045;7308.000000000;20;9591032236;S
20240213;100046;7308.500000000;3;9591032379;B
20240213;100046;7308.000000000;1;9591032380;S
20240213;100047;7308.500000000;7;9591032393;B
20240213;100047;7309.000000000;5;9591032394;B
20240213;100047;7309.000000000;2;9591032395;B
20240213;100047;7309.500000000;1;9591032396;B
20240213;100047;7308.500000000;1;9591032475;S
20240213;100047;7309.000000000;5;9591032511;B
20240213;100047;7309.500000000;12;9591032512;B
20240213;100047;7308.500000000;1;9591032524;S
20240213;100048;7309.000000000;1;9591032548;B
20240213;100048;7308.500000000;49;9591032612;S
20240213;100049;7308.000000000;10;9591032888;S
20240213;100049;7308.500000000;5;9591032890;B
20240213;100049;7309.500000000;10;9591032891;B
20240213;100049;7308.500000000;1;9591032928;B
20240213;100050;7308.000000000;4;9591033030;S
20240213;100050;7308.000000000;5;9591033046;S
20240213;100050;7308.000000000;2;9591033052;S
20240213;100050;7307.500000000;1;9591033053;S
20240213;100050;7307.500000000;2;9591033054;S
20240213;100050;7308.000000000;5;9591033064;S
20240213;100050;7308.000000000;5;9591033074;S
20240213;100050;7308.500000000;5;9591033107;S
20240213;100050;7309.500000000;1;9591033119;B
20240213;100050;7309.500000000;42;9591033120;B
20240213;100050;7309.500000000;10;9591033121;B
20240213;100050;7310.000000000;47;9591033122;B
20240213;100050;7308.500000000;5;9591033183;S
20240213;100050;7309.500000000;2;9591033184;B
20240213;100050;7308.500000000;5;9591033200;S
20240213;100050;7308.500000000;5;9591033217;S
20240213;100050;7308.500000000;5;9591033229;S
20240213;100050;7308.500000000;12;9591033260;S
20240213;100050;7307.500000000;3;9591033261;S
20240213;100051;7307.500000000;5;9591033263;S
20240213;100051;7308.000000000;5;9591033270;S
20240213;100051;7308.000000000;5;9591033279;S
20240213;100051;7308.000000000;5;9591033288;S
20240213;100051;7308.000000000;5;9591033297;S
20240213;100051;7307.500000000;5;9591033314;S
20240213;100051;7308.500000000;1;9591033340;B
20240213;100051;7308.500000000;10;9591033491;B
20240213;100051;7308.500000000;3;9591033492;B
20240213;100051;7309.000000000;7;9591033493;B
20240213;100052;7309.000000000;3;9591033526;B
20240213;100052;7309.500000000;37;9591033527;B
20240213;100052;7309.000000000;5;9591033533;S
20240213;100052;7309.500000000;30;9591033566;B
20240213;100052;7309.000000000;5;9591033567;S
20240213;100052;7309.000000000;1;9591033616;S
20240213;100052;7309.000000000;5;9591033672;S
20240213;100052;7309.000000000;4;9591033689;S
20240213;100052;7309.000000000;1;9591033690;S
20240213;100052;7309.000000000;5;9591033731;S
20240213;100053;7309.000000000;5;9591033750;S
20240213;100053;7309.000000000;5;9591033771;S
20240213;100053;7309.000000000;5;9591033783;S
20240213;100053;7309.000000000;5;9591033790;S
20240213;100053;7309.000000000;5;9591033816;S
20240213;100053;7309.000000000;5;9591033828;S
20240213;100053;7309.000000000;5;9591033853;S
20240213;100054;7309.000000000;5;9591033978;S
20240213;100054;7309.500000000;2;9591033992;B
20240213;100054;7309.500000000;42;9591033993;B
20240213;100054;7309.500000000;10;9591033994;B
20240213;100054;7310.000000000;46;9591033995;B
20240213;100055;7309.000000000;3;9591034189;S
20240213;100055;7309.000000000;60;9591034190;S
20240213;100055;7309.000000000;10;9591034191;S
20240213;100055;7309.000000000;27;9591034192;S
20240213;100055;7309.500000000;3;9591034239;B
20240213;100055;7309.500000000;1;9591034240;B
20240213;100055;7310.000000000;7;9591034241;B
20240213;100055;7310.000000000;59;9591034242;B
20240213;100055;7308.500000000;10;9591034319;S
20240213;100056;7308.500000000;10;9591034357;S
20240213;100056;7308.500000000;20;9591034358;S
20240213;100056;7309.000000000;1;9591034390;B
20240213;100056;7310.000000000;2;9591034391;B
20240213;100056;7310.000000000;100;9591034476;B
20240213;100056;7309.500000000;6;9591034485;S
20240213;100056;7308.500000000;9;9591034486;S
20240213;100056;7310.000000000;6;9591034498;B
20240213;100057;7309.500000000;1;9591034534;B
20240213;100057;7310.000000000;6;9591034535;B
20240213;100057;7310.000000000;47;9591034607;B
20240213;100057;7310.000000000;3;9591034608;B
20240213;100100;7308.500000000;1;9591035103;S
20240213;100100;7308.500000000;20;9591035104;S
20240213;100100;7308.000000000;1;9591035105;S
20240213;100100;7308.000000000;10;9591035106;S
20240213;100100;7308.000000000;1;9591035107;S
20240213;100100;7308.000000000;13;9591035108;S
20240213;100100;7308.000000000;34;9591035109;S
20240213;100100;7308.000000000;20;9591035110;S
20240213;100100;7308.500000000;1;9591035145;S
20240213;100100;7308.000000000;40;9591035181;S
20240213;100100;7308.000000000;10;9591035182;S
20240213;100100;7307.500000000;105;9591035183;S
20240213;100100;7309.000000000;1;9591035295;B
20240213;100100;7309.000000000;15;9591035296;B
20240213;100100;7309.500000000;8;9591035297;B
20240213;100100;7309.500000000;10;9591035298;B
20240213;100100;7310.000000000;67;9591035299;B
20240213;100100;7310.000000000;1;9591035300;B
20240213;100100;7310.000000000;1;9591035301;B
20240213;100100;7310.500000000;5;9591035302;B
20240213;100100;7310.500000000;1;9591035303;B
20240213;100100;7310.500000000;1;9591035304;B
20240213;100100;7310.500000000;15;9591035305;B
20240213;100100;7311.000000000;66;9591035306;B
20240213;100101;7309.000000000;1;9591035439;S
20240213;100101;7309.000000000;3;9591035525;S
20240213;100102;7309.500000000;10;9591035682;B
20240213;100103;7310.000000000;5;9591035793;B
20240213;100103;7310.000000000;4;9591035794;B
20240213;100103;7310.000000000;6;9591035842;B
20240213;100103;7310.500000000;1;9591035843;B
20240213;100103;7310.500000000;14;9591035844;B
20240213;100103;7311.000000000;129;9591035845;B
20240213;100104;7309.000000000;3;9591035912;S
20240213;100104;7309.000000000;12;9591035913;S
20240213;100104;7309.000000000;20;9591035914;S
20240213;100104;7309.000000000;30;9591035915;B
20240213;100104;7310.000000000;1;9591035992;B
20240213;100104;7310.000000000;21;9591035993;B
20240213;100104;7310.000000000;10;9591035994;B
20240213;100104;7310.500000000;14;9591035995;B
20240213;100104;7311.000000000;4;9591035996;B
20240213;100104;7309.500000000;1;9591036012;S
20240213;100107;7309.500000000;23;9591036480;S
20240213;100108;7310.000000000;2;9591036654;B
20240213;100109;7310.000000000;8;9591036865;B
20240213;100109;7310.000000000;2;9591036866;B
20240213;100109;7310.000000000;1;9591036867;B
20240213;100109;7310.000000000;8;9591036868;B
20240213;100109;7310.000000000;16;9591036869;B
20240213;100110;7310.000000000;44;9591036933;B
20240213;100110;7310.000000000;6;9591036934;B
20240213;100111;7310.000000000;1;9591037038;B
20240213;100111;7310.000000000;1;9591037116;B
20240213;100111;7310.000000000;3;9591037117;B
20240213;100112;7309.500000000;13;9591037128;S
20240213;100112;7309.500000000;14;9591037129;S
20240213;100112;7309.500000000;3;9591037181;S
20240213;100112;7309.000000000;3;9591037182;S
20240213;100112;7309.000000000;1;9591037183;S
20240213;100112;7309.000000000;8;9591037184;S
20240213;100113;7309.500000000;2;9591037265;S
20240213;100113;7309.500000000;23;9591037272;S
20240213;100113;7309.500000000;1;9591037273;S
20240213;100113;7309.000000000;13;9591037274;S
20240213;100114;7308.500000000;68;9591037406;S
20240213;100114;7309.500000000;1;9591037486;B
20240213;100114;7309.500000000;3;9591037489;B
20240213;100115;7308.500000000;9;9591037496;S
20240213;100115;7309.000000000;1;9591037569;S
20240213;100116;7309.500000000;10;9591037609;B
20240213;100116;7310.000000000;7;9591037610;B
20240213;100116;7310.000000000;100;9591037611;B
20240213;100116;7310.000000000;5;9591037612;B
20240213;100116;7310.000000000;1;9591037613;B
20240213;100116;7310.000000000;2;9591037614;B
20240213;100116;7310.500000000;15;9591037615;B
20240213;100116;7310.500000000;1;9591037616;B
20240213;100116;7310.500000000;9;9591037617;B
20240213;100117;7309.000000000;15;9591037867;S
20240213;100117;7309.000000000;5;9591037868;S
20240213;100118;7310.000000000;1;9591037944;B
20240213;100119;7309.000000000;1;9591038166;S
20240213;100119;7310.000000000;1;9591038264;B
20240213;100120;7309.000000000;1;9591038292;S
20240213;100120;7309.500000000;10;9591038302;B
20240213;100120;7309.500000000;1;9591038402;S
20240213;100121;7309.500000000;15;9591038582;S
20240213;100121;7309.500000000;3;9591038591;S
20240213;100121;7309.000000000;13;9591038592;S
20240213;100121;7309.000000000;5;9591038593;S
20240213;100121;7309.000000000;11;9591038594;S
20240213;100121;7309.000000000;14;9591038595;S
20240213;100122;7309.000000000;20;9591038699;B
20240213;100123;7309.000000000;20;9591038864;B
20240213;100123;7308.500000000;1;9591038869;S
20240213;100123;7309.000000000;500;9591038874;B
20240213;100124;7308.500000000;1;9591038885;S
20240213;100124;7308.500000000;1;9591038906;S
20240213;100124;7308.500000000;1;9591038912;S
20240213;100128;7308.500000000;15;9591039492;S
20240213;100128;7308.500000000;4;9591039526;S
20240213;100128;7308.500000000;1;9591039527;S
20240213;100128;7308.500000000;1;9591039528;S
20240213;100128;7308.500000000;50;9591039529;S
20240213;100128;7308.500000000;119;9591039530;S
20240213;100128;7308.500000000;15;9591039531;S
20240213;100129;7309.000000000;20;9591039665;B
20240213;100129;7309.000000000;1;9591039726;B
20240213;100131;7309.000000000;1;9591039879;B
20240213;100131;7309.000000000;30;9591039894;B
20240213;100131;7308.500000000;5;9591039903;S
20240213;100131;7309.000000000;4;9591039952;B
20240213;100131;7309.000000000;21;9591040008;B
20240213;100132;7308.500000000;33;9591040139;S
20240213;100133;7308.500000000;1;9591040180;B
20240213;100134;7308.500000000;2;9591040326;B
20240213;100134;7308.000000000;14;9591040384;S
20240213;100134;7308.000000000;30;9591040385;S
20240213;100134;7307.500000000;282;9591040386;S
20240213;100134;7307.000000000;64;9591040387;S
20240213;100134;7307.000000000;10;9591040388;S
20240213;100134;7306.500000000;15;9591040389;S
20240213;100134;7306.000000000;10;9591040390;S
20240213;100134;7306.000000000;20;9591040391;S
20240213;100134;7305.500000000;300;9591040392;S
20240213;100134;7305.500000000;34;9591040393;S
20240213;100134;7305.000000000;20;9591040394;S
20240213;100134;7305.000000000;60;9591040395;S
20240213;100134;7304.500000000;100;9591040396;S
20240213;100134;7304.500000000;10;9591040397;S
20240213;100134;7304.500000000;10;9591040398;S
20240213;100134;7304.000000000;10;9591040399;S
20240213;100134;7304.000000000;2;9591040400;S
20240213;100134;7304.000000000;9;9591040401;S
20240213;100134;7307.000000000;10;9591040422;B
20240213;100136;7307.000000000;1;9591040649;B
20240213;100136;7307.000000000;2;9591040715;B
20240213;100136;7306.500000000;5;9591040748;B
20240213;100136;7307.000000000;2;9591040749;B
20240213;100136;7307.500000000;13;9591040750;B
20240213;100136;7307.500000000;17;9591040751;B
20240213;100136;7307.500000000;3;9591040752;B
20240213;100137;7307.500000000;1;9591040842;B
20240213;100137;7307.500000000;4;9591040856;B
20240213;100138;7307.500000000;45;9591041045;B
20240213;100138;7307.500000000;10;9591041046;B
20240213;100138;7308.500000000;14;9591041047;B
20240213;100138;7308.500000000;15;9591041048;B
20240213;100138;7308.500000000;15;9591041049;B
20240213;100138;7308.500000000;1;9591041050;B
20240213;100140;7307.500000000;1;9591041329;B
20240213;100140;7307.000000000;1;9591041335;S
20240213;100140;7307.000000000;2;9591041359;S
20240213;100141;7307.500000000;4;9591041390;B
20240213;100141;7307.500000000;2;9591041393;B
20240213;100141;7307.000000000;1;9591041517;S
20240213;100142;7307.500000000;3;9591041626;B
20240213;100142;7307.500000000;8;9591041627;B
20240213;100142;7307.000000000;6;9591041639;S
20240213;100142;7307.000000000;4;9591041640;B
20240213;100142;7307.000000000;6;9591041641;B
20240213;100143;7306.500000000;10;9591041686;B
20240213;100143;7305.500000000;1;9591041738;B
20240213;100143;7304.500000000;2;9591041772;S
20240213;100144;7304.500000000;20;9591041889;S
20240213;100144;7304.000000000;10;9591041890;S
20240213;100144;7304.000000000;10;9591041891;S
20240213;100144;7304.000000000;10;9591041892;B
20240213;100144;7304.000000000;10;9591041893;B
20240213;100145;7304.000000000;1;9591042229;S
20240213;100145;7304.500000000;2;9591042254;B
20240213;100145;7304.500000000;5;9591042255;B
20240213;100145;7304.500000000;1;9591042256;B
20240213;100145;7304.500000000;4;9591042257;B
20240213;100145;7305.000000000;8;9591042258;B
20240213;100145;7305.000000000;2;9591042293;B
20240213;100145;7305.000000000;1;9591042294;B
20240213;100145;7305.000000000;2;9591042316;B
20240213;100146;7304.000000000;9;9591042382;S
20240213;100146;7304.000000000;30;9591042383;S
20240213;100146;7303.500000000;20;9591042384;S
20240213;100146;7303.500000000;1;9591042385;S
20240213;100146;7303.500000000;5;9591042386;S
20240213;100146;7303.500000000;1;9591042387;S
20240213;100146;7303.500000000;20;9591042388;S
20240213;100146;7303.000000000;14;9591042389;S
20240213;100147;7303.000000000;1;9591042581;S
20240213;100147;7303.000000000;1;9591042582;S
20240213;100147;7303.000000000;1;9591042615;S
20240213;100147;7303.000000000;1;9591042616;S
20240213;100148;7304.000000000;10;9591042840;S
20240213;100148;7304.000000000;19;9591042857;S
20240213;100148;7303.000000000;4;9591042890;S
20240213;100148;7303.500000000;10;9591043005;B
20240213;100148;7303.500000000;10;9591043006;B
20240213;100148;7304.000000000;10;9591043007;B
20240213;100148;7304.500000000;15;9591043008;B
20240213;100148;7304.500000000;10;9591043009;B
20240213;100148;7305.000000000;10;9591043010;B
20240213;100148;7305.000000000;15;9591043011;B
20240213;100148;7305.000000000;10;9591043012;B
20240213;100148;7305.000000000;1;9591043013;B
20240213;100148;7305.000000000;1;9591043014;B
20240213;100148;7305.000000000;1;9591043015;B
20240213;100148;7305.000000000;1;9591043016;B
20240213;100148;7305.000000000;1;9591043017;B
20240213;100148;7305.000000000;1;9591043018;B
20240213;100148;7305.500000000;391;9591043019;B
20240213;100149;7305.000000000;10;9591043176;B
20240213;100154;7303.500000000;1;9591044013;S
20240213;100155;7303.500000000;15;9591044120;S
20240213;100155;7304.000000000;13;9591044359;B
20240213;100158;7303.500000000;3;9591044705;S
20240213;100159;7303.500000000;1;9591044936;S
20240213;100200;7304.000000000;7;9591045028;B
20240213;100200;7304.000000000;10;9591045029;B
20240213;100200;7304.000000000;3;9591045030;B
20240213;100200;7304.000000000;3;9591045125;B
20240213;100201;7303.500000000;6;9591045173;S
20240213;100201;7303.500000000;4;9591045174;S
20240213;100202;7303.500000000;1;9591045306;B
20240213;100204;7303.500000000;1;9591045832;B
20240213;100205;7303.500000000;32;9591045935;B
20240213;100206;7303.000000000;1;9591045956;S
20240213;100208;7303.000000000;1;9591046289;S
20240213;100208;7303.500000000;3;9591046419;B
20240213;100210;7303.000000000;1;9591046562;S
20240213;100210;7303.500000000;1;9591046575;B
20240213;100210;7303.500000000;1;9591046822;B
20240213;100211;7303.500000000;1;9591046852;B
20240213;100211;7303.500000000;10;9591046853;B
20240213;100211;7303.500000000;2;9591046854;B
20240213;100211;7303.500000000;3;9591046855;B
20240213;100211;7303.500000000;4;9591046856;B
20240213;100211;7303.500000000;2;9591046857;B
20240213;100211;7303.500000000;6;9591046858;B
20240213;100211;7303.500000000;2;9591046859;B
20240213;100213;7303.000000000;40;9591047162;S
20240213;100213;7303.000000000;1;9591047163;S
20240213;100213;7303.000000000;5;9591047164;S
20240213;100213;7303.000000000;1;9591047165;S
20240213;100213;7303.000000000;41;9591047166;S
20240213;100213;7303.000000000;10;9591047167;S
20240213;100213;7303.000000000;42;9591047168;S
20240213;100213;7303.000000000;1;9591047270;S
20240213;100214;7303.000000000;20;9591047398;S
20240213;100215;7303.000000000;4;9591047612;S
20240213;100215;7303.000000000;8;9591047662;S
20240213;100215;7303.000000000;8;9591047663;S
20240213;100215;7302.000000000;5;9591047664;S
20240213;100215;7302.000000000;9;9591047665;B
20240213;100215;7302.000000000;1;9591047666;B
20240213;100215;7301.500000000;10;9591047667;S
20240213;100215;7302.500000000;1;9591047685;S
20240213;100216;7302.500000000;9;9591047788;S
20240213;100216;7301.000000000;19;9591047789;S
20240213;100216;7301.000000000;2;9591047790;S
20240213;100216;7301.000000000;4;9591047791;S
20240213;100216;7301.000000000;1;9591047817;S
20240213;100216;7301.000000000;23;9591047818;S
20240213;100216;7301.000000000;10;9591047819;S
20240213;100216;7300.500000000;5;9591047820;S
20240213;100216;7300.500000000;10;9591047821;S
20240213;100216;7300.500000000;1;9591047822;S
20240213;100216;7300.500000000;84;9591047823;S
20240213;100216;7300.500000000;50;9591047824;S
20240213;100216;7300.000000000;58;9591047825;S
20240213;100216;7300.000000000;158;9591047826;S
20240213;100216;7300.500000000;1;9591047852;S
20240213;100216;7300.500000000;9;9591047858;S
20240213;100216;7300.000000000;991;9591047859;S
20240213;100216;7300.000000000;149;9591048006;S
20240213;100217;7300.000000000;2;9591048034;S
20240213;100217;7300.000000000;5;9591048051;S
20240213;100217;7301.500000000;1;9591048052;B
20240213;100218;7300.000000000;1;9591048184;S
20240213;100218;7300.000000000;5;9591048215;S
20240213;100218;7300.500000000;10;9591048250;B
20240213;100218;7300.500000000;10;9591048262;B
20240213;100218;7301.000000000;1;9591048263;B
20240213;100218;7301.000000000;10;9591048264;B
20240213;100218;7301.500000000;9;9591048265;B
20240213;100218;7301.500000000;10;9591048266;B
20240213;100218;7301.500000000;1;9591048267;B
20240213;100218;7301.500000000;1;9591048268;B
20240213;100218;7302.000000000;50;9591048269;B
20240213;100218;7302.000000000;1;9591048270;B
20240213;100218;7302.000000000;5;9591048271;B
20240213;100218;7302.500000000;1;9591048272;B
20240213;100218;7302.500000000;1;9591048273;B
20240213;100218;7303.000000000;10;9591048274;B
20240213;100218;7303.000000000;6;9591048275;B
20240213;100219;7302.000000000;1;9591048386;B
20240213;100220;7302.500000000;10;9591048446;B
20240213;100220;7302.500000000;5;9591048447;B
20240213;100220;7300.500000000;5;9591048492;S
20240213;100222;7301.000000000;10;9591048954;S
20240213;100224;7301.000000000;40;9591049218;S
20240213;100224;7300.500000000;11;9591049219;S
20240213;100224;7300.000000000;449;9591049220;S
20240213;100224;7300.000000000;500;9591049229;S
20240213;100224;7300.000000000;5;9591049308;S
20240213;100224;7300.000000000;70;9591049309;S
20240213;100225;7300.000000000;150;9591049403;S
20240213;100225;7300.000000000;15;9591049407;S
20240213;100225;7300.000000000;2;9591049408;S
20240213;100225;7300.000000000;1;9591049432;S
20240213;100226;7300.000000000;2;9591049549;S
20240213;100227;7300.000000000;1;9591049650;S
20240213;100228;7300.000000000;50;9591049728;S
20240213;100228;7300.000000000;44;9591049772;S
20240213;100228;7300.000000000;8;9591049773;S
20240213;100228;7300.000000000;2;9591049774;S
20240213;100228;7300.000000000;146;9591049775;S
20240213;100229;7300.000000000;30;9591049796;S
20240213;100230;7300.000000000;2;9591050042;S
20240213;100231;7300.500000000;1;9591050094;B
20240213;100232;7300.500000000;1;9591050266;B
20240213;100232;7300.000000000;322;9591050362;S
20240213;100232;7300.000000000;2;9591050363;S
20240213;100232;7300.000000000;120;9591050364;S
20240213;100232;7300.000000000;1;9591050365;S
20240213;100232;7300.000000000;1;9591050366;S
20240213;100232;7299.500000000;2;9591050386;S
20240213;100233;7299.500000000;8;9591050400;S
20240213;100233;7298.000000000;5;9591050401;S
20240213;100233;7298.000000000;6;9591050402;S
20240213;100233;7299.500000000;10;9591050403;B
20240213;100233;7297.000000000;2;9591050436;S
20240213;100233;7298.000000000;10;9591050457;B
20240213;100233;7298.000000000;10;9591050458;B
20240213;100233;7298.000000000;1;9591050461;S
20240213;100233;7298.000000000;1;9591050509;S
20240213;100233;7298.000000000;8;9591050520;S
20240213;100233;7298.000000000;10;9591050521;S
20240213;100233;7298.000000000;10;9591050522;S
20240213;100233;7297.500000000;10;9591050523;S
20240213;100233;7297.000000000;68;9591050524;S
20240213;100233;7296.000000000;10;9591050525;S
20240213;100233;7295.500000000;7;9591050526;S
20240213;100233;7295.000000000;1;9591050527;S
20240213;100233;7295.000000000;2;9591050528;S
20240213;100233;7295.000000000;6;9591050529;S
20240213;100233;7294.500000000;34;9591050530;S
20240213;100233;7294.000000000;15;9591050531;S
20240213;100233;7293.500000000;20;9591050532;S
20240213;100233;7293.000000000;2;9591050533;S
20240213;100233;7293.000000000;70;9591050534;S
20240213;100233;7292.500000000;1;9591050535;S
20240213;100233;7292.500000000;130;9591050536;S
20240213;100233;7292.000000000;200;9591050537;S
20240213;100233;7292.000000000;1;9591050538;S
20240213;100233;7292.000000000;60;9591050539;S
20240213;100233;7291.500000000;5;9591050540;S
20240213;100233;7291.500000000;300;9591050541;S
20240213;100233;7291.500000000;24;9591050542;S
20240213;100233;7291.000000000;4;9591050543;S
20240213;100233;7291.000000000;10;9591050544;S
20240213;100233;7290.500000000;5;9591050545;S
20240213;100233;7290.500000000;1;9591050546;S
20240213;100233;7290.500000000;5;9591050547;S
20240213;100233;7290.500000000;10;9591050548;S
20240213;100233;7290.500000000;600;9591050549;S
20240213;100233;7290.000000000;2;9591050550;S
20240213;100233;7290.000000000;50;9591050551;S
20240213;100233;7290.000000000;2;9591050552;S
20240213;100233;7290.000000000;25;9591050553;S
20240213;100233;7290.000000000;2;9591050554;S
20240213;100233;7290.000000000;1;9591050555;S
20240213;100233;7290.000000000;3;9591050556;S
20240213;100233;7290.000000000;50;9591050557;S
20240213;100233;7290.000000000;2;9591050558;S
20240213;100233;7290.000000000;10;9591050559;S
20240213;100233;7289.500000000;1;9591050560;S
20240213;100233;7289.500000000;20;9591050561;S
20240213;100233;7289.500000000;1;9591050562;S
20240213;100233;7289.500000000;5;9591050563;S
20240213;100233;7289.000000000;40;9591050564;S
20240213;100233;7289.000000000;1;9591050565;S
20240213;100233;7289.000000000;300;9591050566;S
20240213;100233;7289.000000000;5;9591050567;S
20240213;100233;7289.000000000;60;9591050568;S
20240213;100233;7288.500000000;1;9591050569;S
20240213;100233;7288.500000000;10;9591050570;S
20240213;100233;7288.000000000;2;9591050571;S
20240213;100233;7288.000000000;1;9591050572;S
20240213;100233;7288.000000000;1;9591050573;S
20240213;100233;7288.000000000;1;9591050574;S
20240213;100233;7288.000000000;100;9591050575;S
20240213;100233;7288.000000000;50;9591050576;S
20240213;100233;7288.000000000;300;9591050577;S
20240213;100233;7287.500000000;5;9591050578;S
20240213;100233;7287.500000000;3;9591050579;S
20240213;100233;7287.500000000;5;9591050580;S
20240213;100233;7286.500000000;50;9591050581;S
20240213;100233;7286.500000000;50;9591050582;S
20240213;100233;7286.000000000;1;9591050583;S
20240213;100233;7285.500000000;5;9591050584;S
20240213;100233;7285.500000000;42;9591050585;S
20240213;100233;7285.000000000;5;9591050586;S
20240213;100233;7285.000000000;20;9591050587;S
20240213;100233;7285.000000000;5;9591050588;S
20240213;100233;7285.000000000;1;9591050589;S
20240213;100233;7285.000000000;1;9591050590;S
20240213;100233;7285.000000000;50;9591050591;S
20240213;100233;7284.500000000;5;9591050592;S
20240213;100233;7284.500000000;3;9591050593;S
20240213;100233;7284.000000000;1;9591050594;S
20240213;100233;7284.000000000;1;9591050595;S
20240213;100233;7284.000000000;50;9591050596;S
20240213;100233;7284.000000000;16;9591050597;S
20240213;100233;7283.500000000;14;9591050598;S
20240213;100233;7283.500000000;23;9591050599;S
20240213;100233;7283.000000000;50;9591050600;S
20240213;100233;7283.000000000;7;9591050601;S
20240213;100233;7283.000000000;8;9591050602;S
20240213;100233;7283.000000000;600;9591050603;S
20240213;100233;7282.000000000;1;9591050604;S
20240213;100233;7282.000000000;1;9591050605;S
20240213;100233;7282.000000000;5;9591050606;S
20240213;100233;7282.000000000;1;9591050607;S
20240213;100233;7282.000000000;5;9591050608;S
20240213;100233;7282.000000000;2;9591050609;S
20240213;100233;7281.000000000;1;9591050610;S
20240213;100233;7281.000000000;9;9591050611;S
20240213;100233;7281.000000000;2;9591050612;S
20240213;100233;7281.000000000;10;9591050613;S
20240213;100233;7281.000000000;1;9591050614;S
20240213;100233;7281.000000000;13;9591050615;S
20240213;100233;7280.500000000;2;9591050616;S
20240213;100233;7280.500000000;32;9591050617;S
20240213;100233;7280.500000000;2;9591050618;S
20240213;100233;7280.500000000;10;9591050619;S
20240213;100233;7280.500000000;75;9591050620;S
20240213;100233;7280.500000000;80;9591050621;S
20240213;100233;7280.500000000;1;9591050622;S
20240213;100233;7280.500000000;1;9591050623;S
20240213;100233;7280.500000000;5;9591050624;S
20240213;100233;7280.500000000;1;9591050625;S
20240213;100233;7280.500000000;137;9591050626;S
20240213;100233;7280.000000000;50;9591050627;S
20240213;100233;7280.000000000;20;9591050628;S
20240213;100233;7280.000000000;4;9591050629;S
20240213;100233;7280.000000000;1;9591050630;S
20240213;100233;7280.000000000;1;9591050631;S
20240213;100233;7280.000000000;1;9591050632;S
20240213;100233;7280.000000000;3;9591050633;S
20240213;100233;7280.000000000;1;9591050634;S
20240213;100233;7280.000000000;2;9591050635;S
20240213;100233;7280.000000000;2;9591050636;S
20240213;100233;7280.000000000;1;9591050637;S
20240213;100233;7280.000000000;1;9591050638;S
20240213;100233;7280.000000000;1;9591050639;S
20240213;100233;7280.000000000;3;9591050640;S
20240213;100233;7280.000000000;50;9591050641;S
20240213;100233;7280.000000000;2;9591050642;S
20240213;100233;7280.000000000;10;9591050643;S
20240213;100233;7280.000000000;30;9591050644;S
20240213;100233;7280.000000000;2;9591050645;S
20240213;100233;7280.000000000;5;9591050646;S
20240213;100233;7280.000000000;1;9591050647;S
20240213;100233;7280.000000000;9;9591050648;S
20240213;100233;7280.000000000;15;9591050649;S
20240213;100233;7280.000000000;20;9591050650;S
20240213;100233;7280.000000000;1;9591050651;S
20240213;100233;7280.000000000;15;9591050652;S
20240213;100233;7280.000000000;5;9591050653;S
20240213;100233;7280.000000000;100;9591050654;S
20240213;100233;7280.000000000;10;9591050655;S
20240213;100233;7280.000000000;1;9591050656;S
20240213;100233;7280.000000000;3;9591050657;S
20240213;100233;7280.000000000;10;9591050658;S
20240213;100233;7280.000000000;10;9591050659;S
20240213;100233;7280.000000000;10;9591050660;S
20240213;100233;7280.000000000;20;9591050661;S
20240213;100233;7280.000000000;80;9591050662;S
20240213;100233;7280.000000000;11;9591050663;S
20240213;100233;7280.000000000;4;9591050664;S
20240213;100233;7280.000000000;30;9591050665;S
20240213;100233;7280.000000000;1;9591050666;S
20240213;100233;7280.000000000;6;9591050667;S
20240213;100233;7280.000000000;57;9591050668;S
20240213;100233;7279.500000000;7;9591050669;S
20240213;100233;7279.500000000;14;9591050670;S
20240213;100233;7279.500000000;3;9591050671;S
20240213;100233;7279.500000000;1;9591050672;S
20240213;100233;7279.000000000;5;9591050673;S
20240213;100233;7279.000000000;10;9591050674;S
20240213;100233;7278.500000000;10;9591050675;S
20240213;100233;7278.000000000;9;9591050676;S
20240213;100233;7278.000000000;5;9591050677;S
20240213;100233;7277.500000000;1;9591050678;S
20240213;100233;7277.000000000;30;9591050679;S
20240213;100233;7277.000000000;20;9591050680;S
20240213;100233;7277.000000000;5;9591050681;S
20240213;100233;7275.500000000;5;9591050682;S
20240213;100233;7275.500000000;1;9591050683;S
20240213;100233;7275.000000000;1;9591050684;S
20240213;100233;7275.000000000;41;9591050685;S
20240213;100233;7275.000000000;1;9591050686;S
20240213;100233;7275.000000000;1;9591050687;S
20240213;100233;7275.000000000;16;9591050688;S
20240213;100233;7274.000000000;3;9591050689;S
20240213;100233;7273.500000000;20;9591050690;S
20240213;100233;7273.500000000;11;9591050691;S
20240213;100233;7273.000000000;2;9591050692;S
20240213;100233;7272.000000000;3;9591050693;S
20240213;100233;7272.000000000;5;9591050694;S
20240213;100233;7272.000000000;9;9591050695;S
20240213;100233;7272.000000000;59;9591050696;S
20240213;100233;7272.500000000;2;9591050699;S
20240213;100233;7281.500000000;6;9591050701;S
20240213;100233;7281.000000000;4;9591050702;S
20240213;100233;7281.500000000;1;9591050707;S
20240213;100233;7285.000000000;20;9591050718;S
20240213;100233;7285.000000000;10;9591050719;S
20240213;100233;7284.500000000;20;9591050720;S
20240213;100233;7283.500000000;34;9591050721;S
20240213;100233;7282.500000000;42;9591050722;S
20240213;100233;7282.000000000;70;9591050723;S
20240213;100233;7282.000000000;15;9591050724;S
20240213;100233;7281.500000000;205;9591050725;S
20240213;100233;7278.000000000;10;9591050726;S
20240213;100233;7277.500000000;10;9591050727;S
20240213;100233;7277.000000000;10;9591050728;S
20240213;100233;7275.500000000;54;9591050729;S
20240213;100233;7284.000000000;10;9591050733;B
20240213;100233;7284.000000000;10;9591050734;B
20240213;100233;7284.500000000;10;9591050735;B
20240213;100233;7283.500000000;10;9591050737;B
20240213;100233;7284.000000000;30;9591050738;B
20240213;100233;7284.000000000;10;9591050739;B
20240213;100233;7283.500000000;10;9591050740;B
20240213;100233;7284.000000000;10;9591050741;B
20240213;100233;7283.500000000;10;9591050742;S
20240213;100233;7285.500000000;10;9591050747;B
20240213;100233;7285.500000000;10;9591050748;B
20240213;100233;7286.000000000;34;9591050749;B
20240213;100233;7286.000000000;10;9591050750;B
20240213;100233;7286.000000000;59;9591050751;B
20240213;100233;7282.500000000;2;9591050752;S
20240213;100233;7282.500000000;8;9591050769;S
20240213;100233;7282.000000000;42;9591050770;S
20240213;100233;7282.000000000;20;9591050771;S
20240213;100233;7281.000000000;34;9591050772;S
20240213;100233;7279.500000000;84;9591050773;S
20240213;100233;7279.000000000;70;9591050774;S
20240213;100233;7279.000000000;15;9591050775;S
20240213;100233;7278.000000000;10;9591050776;S
20240213;100233;7277.500000000;10;9591050777;S
20240213;100233;7277.000000000;7;9591050778;S
20240213;100233;7280.500000000;1;9591050782;S
20240213;100233;7281.000000000;1;9591050783;S
20240213;100234;7281.000000000;2;9591050819;S
20240213;100234;7281.000000000;2;9591050820;S
20240213;100234;7281.000000000;1;9591050821;S
20240213;100234;7281.000000000;3;9591050822;S
20240213;100234;7281.000000000;1;9591050825;S
20240213;100234;7281.000000000;1;9591050826;S
20240213;100234;7281.000000000;19;9591050827;S
20240213;100234;7281.000000000;5;9591050840;S
20240213;100234;7281.000000000;3;9591050845;S
20240213;100234;7281.000000000;2;9591050850;S
20240213;100234;7280.500000000;8;9591050851;S
20240213;100234;7281.000000000;1;9591050852;S
20240213;100234;7280.500000000;20;9591050853;S
20240213;100234;7280.000000000;10;9591050854;S
20240213;100234;7279.500000000;15;9591050855;S
20240213;100234;7279.500000000;2;9591050856;S
20240213;100234;7281.000000000;10;9591050857;S
20240213;100234;7280.500000000;15;9591050858;S
20240213;100234;7281.000000000;8;9591050859;S
20240213;100234;7281.500000000;42;9591050907;S
20240213;100234;7281.000000000;8;9591050908;S
20240213;100234;7281.000000000;10;9591050911;S
20240213;100234;7280.500000000;20;9591050912;S
20240213;100234;7280.500000000;10;9591050913;S
20240213;100234;7279.500000000;10;9591050914;S
20240213;100234;7284.500000000;1;9591050929;B
20240213;100234;7284.500000000;9;9591050939;B
20240213;100234;7284.500000000;1;9591050940;B
20240213;100235;7284.500000000;9;9591050988;B
20240213;100235;7284.500000000;10;9591050989;B
20240213;100235;7285.000000000;84;9591050990;B
20240213;100235;7285.000000000;10;9591050991;B
