<DATE>;<TIME>;<LAST>;<VOL>;<ID>;<OPER>
20240214;095954;7275.000000000;1;9595805081;B
20240214;095954;7275.000000000;2;9595805082;B
20240214;095954;7275.000000000;3;9595805083;B
20240214;095954;7275.000000000;1;9595805084;B
20240214;095954;7275.000000000;3;9595805085;S
20240214;095954;7275.000000000;1;9595805086;S
20240214;095954;7275.000000000;1;9595805087;S
20240214;095954;7275.000000000;5;9595805088;S
20240214;095954;7275.000000000;5;9595805089;S
20240214;095954;7275.000000000;2;9595805090;S
20240214;095954;7275.000000000;8;9595805091;B
20240214;095954;7275.000000000;2;9595805092;S
20240214;095954;7275.000000000;25;9595805093;S
20240214;095954;7275.000000000;2;9595805094;S
20240214;095954;7275.000000000;1;9595805095;B
20240214;095954;7275.000000000;2;9595805096;B
20240214;095954;7275.000000000;1;9595805097;B
20240214;095954;7275.000000000;1;9595805098;B
20240214;095954;7275.000000000;1;9595805099;B
20240214;095954;7275.000000000;4;9595805100;B
20240214;095954;7275.000000000;1;9595805101;B
20240214;095954;7275.000000000;2;9595805102;B
20240214;095954;7275.000000000;2;9595805103;B
20240214;095954;7275.000000000;3;9595805104;B
20240214;095954;7275.000000000;1;9595805105;B
20240214;095954;7275.000000000;1;9595805106;B
20240214;095954;7275.000000000;1;9595805107;B
20240214;095954;7275.000000000;9;9595805108;B
20240214;095954;7275.000000000;4;9595805109;B
20240214;095954;7275.000000000;1;9595805110;B
20240214;095954;7275.000000000;1;9595805111;B
20240214;095954;7275.000000000;2;9595805112;B
20240214;095954;7275.000000000;1;9595805113;B
20240214;095954;7275.000000000;11;9595805114;B
20240214;095954;7275.000000000;2;9595805115;B
20240214;095954;7275.000000000;1;9595805116;S
20240214;095954;7275.000000000;1;9595805117;S
20240214;095954;7275.000000000;1;9595805118;S
20240214;095954;7275.000000000;1;9595805119;S
20240214;095954;7275.000000000;1;9595805120;S
20240214;095954;7275.000000000;3;9595805121;S
20240214;095954;7275.000000000;1;9595805122;B
20240214;095954;7275.000000000;5;9595805123;B
20240214;095954;7275.000000000;20;9595805124;B
20240214;095954;7275.000000000;8;9595805125;B
20240214;095954;7275.000000000;2;9595805126;B
20240214;095954;7275.000000000;1;9595805127;B
20240214;095954;7275.000000000;1;9595805128;S
20240214;095954;7275.000000000;1;9595805129;S
20240214;095954;7275.000000000;3;9595805130;S
20240214;095954;7275.000000000;1;9595805131;S
20240214;095954;7275.000000000;3;9595805132;S
20240214;095954;7275.000000000;1;9595805133;S
20240214;095954;7275.000000000;27;9595805134;B
20240214;095954;7275.000000000;1;9595805135;B
20240214;095954;7275.000000000;3;9595805136;B
20240214;095954;7275.000000000;1;9595805137;B
20240214;095954;7275.000000000;2;9595805138;B
20240214;095954;7275.000000000;1;9595805139;B
20240214;095954;7275.000000000;1;9595805140;B
20240214;095954;7275.000000000;8;9595805141;B
20240214;095954;7275.000000000;2;9595805142;B
20240214;095954;7275.000000000;4;9595805143;B
20240214;095954;7275.000000000;1;9595805144;B
20240214;095954;7275.000000000;24;9595805145;B
20240214;095954;7275.000000000;1;9595805146;B
20240214;095954;7275.000000000;1;9595805147;B
20240214;095954;7275.000000000;64;9595805148;B
20240214;095954;7275.000000000;20;9595805149;B
20240214;095954;7275.000000000;80;9595805150;S
20240214;095954;7275.000000000;15;9595805151;S
20240214;095954;7275.000000000;1000;9595805152;B
20240214;095954;7275.000000000;150;9595805153;B
20240214;095954;7275.000000000;90;9595805154;B
20240214;095954;7275.000000000;80;9595805155;B
20240214;100000;7275.000000000;20;9595807199;B
20240214;100000;7274.500000000;10;9595807221;B
20240214;100000;7275.000000000;10;9595807222;B
20240214;100000;7275.000000000;20;9595807253;B
20240214;100000;7274.500000000;10;9595807263;B
20240214;100000;7275.000000000;40;9595807264;B
20240214;100000;7274.500000000;10;9595807350;S
20240214;100000;7275.000000000;10;9595807438;B
20240214;100000;7275.000000000;3;9595807439;B
20240214;100000;7276.000000000;5;9595807484;B
20240214;100000;7278.500000000;5;9595807510;B
20240214;100000;7278.000000000;10;9595807561;S
20240214;100000;7274.500000000;10;9595807562;S
20240214;100000;7278.000000000;1;9595807617;S
20240214;100000;7278.000000000;9;9595807637;S
20240214;100000;7277.000000000;6;9595808224;S
20240214;100001;7278.000000000;1;9595808511;B
20240214;100001;7278.000000000;12;9595808536;B
20240214;100001;7278.000000000;12;9595808537;B
20240214;100001;7278.000000000;26;9595808538;B
20240214;100001;7278.500000000;1;9595808549;B
20240214;100001;7278.500000000;1;9595808550;B
20240214;100001;7278.500000000;10;9595808551;B
20240214;100001;7278.500000000;10;9595808553;B
20240214;100001;7278.500000000;10;9595808563;B
20240214;100001;7278.500000000;10;9595808565;B
20240214;100001;7278.500000000;185;9595808571;B
20240214;100001;7278.500000000;205;9595808603;B
20240214;100001;7278.500000000;7;9595808647;B
20240214;100001;7278.500000000;1;9595808648;B
20240214;100001;7279.000000000;2;9595808650;B
20240214;100001;7279.000000000;1;9595808651;B
20240214;100001;7279.000000000;1;9595808652;B
20240214;100001;7279.500000000;7;9595808653;B
20240214;100001;7279.500000000;2;9595808660;B
20240214;100001;7279.500000000;10;9595808661;B
20240214;100001;7279.500000000;1;9595808662;B
20240214;100001;7279.500000000;6;9595808663;B
20240214;100001;7279.500000000;4;9595808722;B
20240214;100001;7280.000000000;1;9595808729;B
20240214;100001;7280.000000000;1;9595808740;B
20240214;100001;7280.000000000;10;9595808741;B
20240214;100001;7280.000000000;1;9595808756;B
20240214;100001;7280.000000000;137;9595808818;B
20240214;100001;7281.500000000;1;9595808824;B
20240214;100001;7281.500000000;3;9595808826;B
20240214;100001;7281.500000000;1;9595808947;B
20240214;100001;7282.500000000;1;9595808950;B
20240214;100001;7282.500000000;10;9595808959;S
20240214;100001;7283.000000000;2;9595808961;B
20240214;100001;7283.000000000;1;9595809336;B
20240214;100002;7283.000000000;2;9595810009;B
20240214;100002;7282.500000000;20;9595810063;S
20240214;100002;7282.500000000;10;9595810064;S
20240214;100002;7282.500000000;1;9595810222;S
20240214;100002;7282.500000000;9;9595810231;S
20240214;100002;7282.500000000;20;9595810232;S
20240214;100002;7282.500000000;50;9595810233;S
20240214;100002;7282.500000000;10;9595810234;S
20240214;100002;7282.500000000;40;9595810235;S
20240214;100002;7282.500000000;50;9595810236;S
20240214;100002;7282.000000000;15;9595810237;S
20240214;100002;7280.500000000;10;9595810245;S
20240214;100002;7280.500000000;5;9595810246;S
20240214;100002;7280.500000000;5;9595810247;S
20240214;100002;7280.500000000;20;9595810262;S
20240214;100002;7279.500000000;4;9595810263;S
20240214;100002;7279.500000000;10;9595810557;B
20240214;100002;7280.000000000;2;9595810558;B
20240214;100002;7280.000000000;162;9595810559;S
20240214;100002;7280.000000000;1;9595810560;S
20240214;100002;7280.000000000;2;9595810561;S
20240214;100002;7280.000000000;1;9595810566;S
20240214;100002;7280.500000000;10;9595810571;B
20240214;100003;7280.500000000;2;9595811290;B
20240214;100004;7280.500000000;10;9595811813;B
20240214;100004;7281.000000000;19;9595811814;B
20240214;100004;7281.000000000;1;9595812716;B
20240214;100005;7281.000000000;1;9595813719;B
20240214;100005;7279.000000000;2;9595814411;S
20240214;100005;7279.000000000;1;9595814492;S
20240214;100005;7279.000000000;1;9595814495;S
20240214;100005;7281.000000000;30;9595814686;B
20240214;100006;7279.000000000;6;9595814963;S
20240214;100006;7279.000000000;32;9595814964;S
20240214;100006;7281.000000000;2;9595815046;B
20240214;100006;7281.000000000;1;9595815171;B
20240214;100006;7281.000000000;1;9595815627;B
20240214;100007;7281.000000000;150;9595816508;B
20240214;100008;7281.000000000;2;9595818199;B
20240214;100008;7281.000000000;1;9595818202;B
20240214;100008;7280.000000000;3;9595818403;S
20240214;100008;7279.500000000;1;9595818456;S
20240214;100009;7279.500000000;1;9595818844;S
20240214;100010;7280.500000000;2;9595819625;B
20240214;100010;7280.500000000;2;9595819667;B
20240214;100010;7280.500000000;1;9595819715;B
20240214;100010;7280.500000000;5;9595819730;B
20240214;100010;7280.500000000;2;9595819731;B
20240214;100010;7280.500000000;1;9595819758;B
20240214;100010;7280.500000000;2;9595819859;B
20240214;100010;7281.000000000;4;9595819915;B
20240214;100010;7281.000000000;2;9595820240;B
20240214;100010;7281.000000000;9;9595820483;B
20240214;100010;7281.000000000;7;9595820505;B
20240214;100011;7281.000000000;15;9595820727;B
20240214;100011;7281.000000000;1;9595820876;B
20240214;100011;7281.000000000;3;9595820878;B
20240214;100011;7281.000000000;3;9595820904;B
20240214;100011;7281.000000000;9;9595820979;B
20240214;100011;7281.000000000;4;9595821027;B
20240214;100011;7281.000000000;5;9595821108;B
20240214;100011;7281.000000000;1;9595821169;B
20240214;100011;7281.000000000;9;9595821239;B
20240214;100011;7281.000000000;3;9595821275;B
20240214;100013;7281.000000000;5;9595822170;B
20240214;100015;7281.000000000;1;9595822788;B
20240214;100015;7281.000000000;1;9595823132;B
20240214;100015;7281.000000000;7;9595823147;B
20240214;100015;7281.000000000;1;9595823271;B
20240214;100017;7280.500000000;5;9595824099;S
20240214;100020;7279.000000000;10;9595825585;S
20240214;100020;7278.500000000;5;9595825586;S
20240214;100021;7279.500000000;10;9595825854;S
20240214;100021;7279.500000000;15;9595825855;S
20240214;100022;7279.000000000;10;9595826174;S
20240214;100022;7278.500000000;10;9595826175;S
20240214;100022;7281.000000000;222;9595826271;B
20240214;100022;7281.000000000;1;9595826272;B
20240214;100022;7281.000000000;10;9595826273;B
20240214;100023;7282.000000000;5;9595826391;B
20240214;100025;7281.500000000;10;9595827167;S
20240214;100025;7281.500000000;42;9595827168;S
20240214;100025;7281.000000000;114;9595827169;S
20240214;100025;7281.000000000;3;9595827348;S
20240214;100025;7281.000000000;7;9595827349;S
20240214;100028;7281.000000000;2;9595828267;S
20240214;100028;7282.500000000;1;9595828329;B
20240214;100028;7282.500000000;3;9595828479;B
20240214;100029;7281.000000000;13;9595828827;S
20240214;100029;7278.500000000;10;9595828828;S
20240214;100029;7277.500000000;10;9595828829;S
20240214;100029;7277.500000000;15;9595828830;S
20240214;100029;7277.500000000;16;9595828831;S
20240214;100030;7278.500000000;10;9595829018;S
20240214;100030;7278.500000000;5;9595829093;S
20240214;100030;7278.500000000;37;9595829117;S
20240214;100030;7278.500000000;10;9595829118;S
20240214;100030;7278.000000000;45;9595829119;S
20240214;100031;7278.500000000;2;9595829372;S
20240214;100031;7278.500000000;1;9595829404;S
20240214;100032;7278.000000000;3;9595829476;S
20240214;100033;7280.000000000;2;9595830030;B
20240214;100035;7281.500000000;4;9595830624;B
20240214;100036;7280.000000000;2;9595831212;S
20240214;100036;7281.500000000;1;9595831268;B
20240214;100037;7281.000000000;1;9595831721;S
20240214;100039;7280.000000000;4;9595832375;S
20240214;100039;7279.500000000;1;9595832376;S
20240214;100039;7278.500000000;10;9595832377;S
20240214;100040;7281.000000000;10;9595832597;B
20240214;100040;7278.500000000;2;9595832620;S
20240214;100041;7278.000000000;3;9595832777;S
20240214;100041;7279.500000000;1;9595833016;B
20240214;100042;7279.500000000;9;9595833131;B
20240214;100042;7280.000000000;1;9595833132;B
20240214;100042;7278.500000000;1;9595833373;S
20240214;100043;7279.500000000;5;9595833651;B
20240214;100044;7278.000000000;53;9595833860;S
20240214;100046;7279.000000000;42;9595834496;B
20240214;100046;7279.500000000;34;9595834497;B
20240214;100046;7279.500000000;10;9595834498;B
20240214;100046;7279.500000000;10;9595834499;B
20240214;100046;7280.000000000;10;9595834500;B
20240214;100046;7280.500000000;10;9595834501;B
20240214;100046;7280.500000000;34;9595834502;B
20240214;100046;7280.500000000;2;9595834632;B
20240214;100046;7278.500000000;10;9595834859;S
20240214;100046;7278.000000000;5;9595834860;S
20240214;100047;7278.500000000;10;9595835139;S
20240214;100047;7278.000000000;16;9595835140;S
20240214;100049;7280.000000000;1;9595835801;B
20240214;100051;7278.000000000;4;9595836496;S
20240214;100053;7279.500000000;1;9595837039;B
20240214;100055;7278.000000000;1;9595837467;S
20240214;100056;7279.000000000;1;9595837521;B
20240214;100056;7278.500000000;2;9595837685;B
20240214;100056;7278.500000000;10;9595837686;B
20240214;100057;7280.000000000;2;9595837767;B
20240214;100059;7280.500000000;5;9595838577;B
20240214;100100;7280.500000000;1;9595838817;B
20240214;100101;7280.500000000;2;9595838920;B
20240214;100105;7280.000000000;10;9595839869;B
20240214;100106;7280.000000000;2;9595840012;B
20240214;100110;7278.000000000;5;9595840923;S
20240214;100110;7278.000000000;10;9595840924;S
20240214;100111;7278.000000000;3;9595841197;S
20240214;100111;7278.000000000;3;9595841198;S
20240214;100112;7279.500000000;10;9595841419;B
20240214;100112;7279.500000000;20;9595841420;B
20240214;100123;7279.000000000;10;9595843732;S
20240214;100123;7279.000000000;41;9595843790;S
20240214;100124;7279.500000000;2;9595844187;B
20240214;100127;7279.000000000;1;9595844892;S
20240214;100131;7279.500000000;8;9595845976;B
20240214;100131;7279.500000000;15;9595845977;B
20240214;100131;7279.500000000;12;9595845978;B
20240214;100131;7279.500000000;10;9595846069;B
20240214;100131;7280.000000000;30;9595846070;B
20240214;100131;7279.500000000;3;9595846106;B
20240214;100133;7279.000000000;8;9595846360;S
20240214;100133;7279.500000000;7;9595846459;B
20240214;100133;7280.000000000;1;9595846460;B
20240214;100135;7279.500000000;10;9595846627;B
20240214;100135;7280.000000000;21;9595846628;B
20240214;100135;7279.500000000;10;9595846657;B
20240214;100138;7280.000000000;2;9595847344;B
20240214;100142;7279.500000000;15;9595848149;S
20240214;100142;7280.000000000;20;9595848157;B
20240214;100143;7280.000000000;20;9595848358;B
20240214;100150;7279.500000000;15;9595849783;S
20240214;100150;7279.500000000;13;9595849981;S
20240214;100153;7280.000000000;3;9595850581;B
20240214;100153;7280.000000000;205;9595850582;B
20240214;100155;7280.000000000;198;9595851265;B
20240214;100155;7280.000000000;1;9595851266;B
20240214;100155;7280.000000000;6;9595851267;B
20240214;100155;7280.000000000;3;9595851268;B
20240214;100155;7280.000000000;106;9595851269;B
20240214;100156;7280.000000000;2;9595851408;B
20240214;100157;7279.500000000;7;9595851556;S
20240214;100157;7279.500000000;1;9595851557;S
20240214;100157;7280.000000000;1;9595851636;B
20240214;100157;7280.000000000;1;9595851651;B
20240214;100158;7279.500000000;4;9595851866;S
20240214;100158;7279.500000000;1;9595851867;S
20240214;100158;7279.500000000;10;9595851868;S
20240214;100159;7280.000000000;7;9595851964;B
20240214;100201;7280.000000000;50;9595852472;B
20240214;100201;7279.500000000;1;9595852564;S
20240214;100202;7279.500000000;1;9595852664;S
20240214;100202;7280.000000000;1;9595852749;B
20240214;100203;7279.500000000;5;9595852946;S
20240214;100203;7279.500000000;2;9595852989;S
20240214;100206;7280.000000000;2;9595853326;B
20240214;100207;7279.500000000;13;9595853593;S
20240214;100207;7279.500000000;2;9595853594;S
20240214;100208;7280.000000000;205;9595853702;B
20240214;100208;7280.000000000;60;9595853704;B
20240214;100208;7280.000000000;145;9595853705;B
20240214;100210;7280.000000000;2;9595854078;B
20240214;100210;7280.000000000;136;9595854145;B
20240214;100211;7279.500000000;3;9595854403;S
20240214;100212;7280.000000000;6;9595854465;B
20240214;100213;7280.000000000;20;9595854694;B
20240214;100214;7279.500000000;16;9595854926;S
20240214;100215;7280.000000000;60;9595855229;B
20240214;100218;7280.000000000;1;9595856381;B
20240214;100222;7279.500000000;1;9595857256;S
20240214;100233;7280.000000000;1;9595859442;B
20240214;100235;7279.500000000;5;9595859694;S
20240214;100241;7280.000000000;5;9595862685;B
20240214;100247;7279.500000000;1;9595863981;S
20240214;100249;7279.500000000;1;9595864529;S
20240214;100254;7279.500000000;8;9595865950;S
20240214;100254;7279.500000000;2;9595865951;S
20240214;100257;7279.500000000;3;9595866960;S
20240214;100257;7279.500000000;1;9595866961;S
20240214;100257;7279.500000000;8;9595866962;S
20240214;100257;7279.500000000;2;9595866963;S
20240214;100257;7279.500000000;10;9595866964;S
20240214;100306;7279.500000000;6;9595869568;B
20240214;100306;7280.000000000;26;9595869569;B
20240214;100307;7280.000000000;98;9595869788;B
20240214;100307;7280.000000000;107;9595869789;B
20240214;100307;7280.000000000;43;9595869790;B
20240214;100307;7280.000000000;20;9595869791;B
20240214;100307;7280.000000000;5;9595869792;B
20240214;100307;7280.000000000;12;9595869793;B
20240214;100307;7280.000000000;42;9595869794;B
20240214;100307;7280.000000000;83;9595869795;B
20240214;100307;7280.000000000;83;9595869797;B
20240214;100307;7280.000000000;1;9595869798;B
20240214;100312;7281.000000000;1;9595870882;B
20240214;100312;7281.000000000;20;9595870883;B
20240214;100315;7280.500000000;1;9595871532;S
20240214;100318;7281.000000000;1;9595872219;B
20240214;100318;7280.500000000;1;9595872226;S
20240214;100318;7281.000000000;10;9595872382;B
20240214;100319;7281.000000000;5;9595872534;B
20240214;100319;7280.500000000;1;9595872634;S
20240214;100320;7280.500000000;31;9595872888;S
20240214;100320;7280.500000000;10;9595872889;S
20240214;100321;7280.500000000;39;9595872990;B
20240214;100328;7280.500000000;10;9595875150;B
20240214;100328;7280.500000000;5;9595875196;B
20240214;100328;7280.500000000;185;9595875212;B
20240214;100328;7280.500000000;20;9595875213;B
20240214;100329;7280.500000000;10;9595875401;S
20240214;100329;7280.000000000;1;9595875402;S
20240214;100329;7280.000000000;11;9595875403;S
20240214;100329;7280.000000000;15;9595875404;S
20240214;100329;7280.000000000;19;9595875405;S
20240214;100329;7279.500000000;24;9595875406;S
20240214;100332;7280.500000000;1;9595877140;B
20240214;100334;7279.500000000;1;9595877930;S
20240214;100344;7280.000000000;2;9595880420;B
20240214;100344;7279.500000000;9;9595880437;S
20240214;100344;7279.500000000;31;9595880438;S
20240214;100348;7280.000000000;1;9595881600;B
20240214;100349;7280.000000000;1;9595881923;B
20240214;100350;7280.000000000;2;9595882216;B
20240214;100350;7280.000000000;1;9595882217;B
20240214;100353;7280.000000000;13;9595882866;S
20240214;100401;7280.500000000;2;9595885003;B
20240214;100401;7281.000000000;4;9595885004;B
20240214;100401;7281.000000000;14;9595885005;B
20240214;100403;7281.000000000;144;9595885618;B
20240214;100403;7281.000000000;2;9595885619;B
20240214;100403;7281.000000000;18;9595885620;B
20240214;100403;7281.000000000;10;9595885621;B
20240214;100403;7281.500000000;52;9595885628;B
20240214;100404;7280.500000000;4;9595886204;S
20240214;100406;7280.500000000;38;9595886899;S
20240214;100406;7280.500000000;12;9595886900;S
20240214;100407;7280.500000000;1;9595887630;S
20240214;100407;7280.500000000;5;9595887631;S
20240214;100412;7281.500000000;1;9595888871;B
20240214;100412;7280.500000000;2;9595889024;S
20240214;100413;7281.000000000;4;9595889357;S
20240214;100414;7281.500000000;13;9595889664;B
20240214;100415;7281.500000000;13;9595890141;B
20240214;100419;7281.000000000;1;9595891302;S
20240214;100422;7281.500000000;1;9595892234;B
20240214;100424;7281.500000000;1;9595892627;B
20240214;100424;7281.500000000;1;9595892721;B
20240214;100427;7281.000000000;3;9595893357;S
20240214;100427;7281.000000000;19;9595893358;S
20240214;100427;7281.000000000;1;9595893359;S
20240214;100427;7280.500000000;35;9595893360;S
20240214;100427;7280.500000000;15;9595893361;S
20240214;100427;7280.500000000;2;9595893376;B
20240214;100432;7280.500000000;10;9595894878;B
20240214;100435;7280.000000000;1;9595895417;S
20240214;100438;7280.500000000;15;9595896164;B
20240214;100439;7280.500000000;50;9595896307;S
20240214;100439;7281.000000000;1;9595896335;B
20240214;100440;7281.000000000;22;9595896561;S
20240214;100441;7281.500000000;25;9595896896;B
20240214;100441;7281.500000000;36;9595896901;B
20240214;100444;7281.500000000;1;9595897602;B
20240214;100445;7281.500000000;1;9595897810;B
20240214;100447;7281.500000000;1;9595898312;B
20240214;100448;7281.500000000;1;9595898405;B
20240214;100449;7281.500000000;5;9595898826;B
20240214;100452;7281.000000000;3;9595899441;S
20240214;100456;7281.500000000;5;9595900296;B
20240214;100457;7281.500000000;1;9595900555;B
20240214;100458;7281.500000000;5;9595900626;B
20240214;100458;7281.500000000;24;9595900699;B
20240214;100500;7281.000000000;1;9595901115;S
20240214;100507;7281.500000000;6;9595902761;B
20240214;100507;7281.500000000;1;9595902941;B
20240214;100513;7281.500000000;10;9595904599;B
20240214;100513;7281.500000000;1;9595904650;B
20240214;100513;7281.500000000;2;9595904657;B
20240214;100513;7281.500000000;3;9595904658;B
20240214;100513;7281.500000000;2;9595904660;B
20240214;100513;7281.500000000;2;9595904661;B
20240214;100513;7281.500000000;6;9595904663;B
20240214;100513;7281.500000000;2;9595904665;B
20240214;100513;7282.000000000;1;9595904666;B
20240214;100513;7282.000000000;1;9595904670;B
20240214;100513;7282.000000000;1;9595904676;B
20240214;100513;7282.000000000;2;9595904677;B
20240214;100513;7282.000000000;1;9595904678;B
20240214;100513;7282.000000000;1;9595904679;B
20240214;100513;7282.000000000;5;9595904681;B
20240214;100513;7282.000000000;9;9595904682;B
20240214;100513;7282.000000000;1;9595904683;B
20240214;100513;7282.000000000;1;9595904684;B
20240214;100513;7282.000000000;1;9595904685;B
20240214;100513;7282.000000000;1;9595904687;B
20240214;100513;7282.000000000;3;9595904689;B
20240214;100513;7282.000000000;1;9595904690;B
20240214;100513;7282.000000000;1;9595904691;B
20240214;100513;7282.000000000;2;9595904692;B
20240214;100513;7282.000000000;1;9595904693;B
20240214;100513;7282.000000000;1;9595904694;B
20240214;100513;7282.000000000;1;9595904695;B
20240214;100513;7282.000000000;2;9595904696;B
20240214;100513;7282.500000000;3;9595904697;B
20240214;100513;7282.500000000;8;9595904698;B
20240214;100513;7282.500000000;1;9595904699;B
20240214;100513;7282.500000000;1;9595904700;B
20240214;100513;7282.500000000;1;9595904701;B
20240214;100513;7282.500000000;1;9595904702;B
20240214;100513;7282.500000000;4;9595904703;B
20240214;100513;7282.500000000;3;9595904704;B
20240214;100513;7282.500000000;1;9595904705;B
20240214;100513;7282.500000000;1;9595904706;B
20240214;100513;7282.500000000;7;9595904707;B
20240214;100513;7282.500000000;1;9595904708;B
20240214;100513;7282.500000000;1;9595904709;B
20240214;100513;7282.500000000;2;9595904710;B
20240214;100513;7282.500000000;1;9595904711;B
20240214;100513;7282.500000000;1;9595904712;B
20240214;100513;7282.500000000;1;9595904713;B
20240214;100513;7282.500000000;1;9595904714;B
20240214;100513;7282.500000000;1;9595904715;B
20240214;100513;7282.500000000;3;9595904716;B
20240214;100513;7282.500000000;2;9595904717;B
20240214;100513;7282.500000000;2;9595904718;B
20240214;100513;7282.500000000;1;9595904719;B
20240214;100513;7282.500000000;3;9595904720;B
20240214;100513;7282.500000000;1;9595904721;B
20240214;100513;7282.500000000;2;9595904722;B
20240214;100513;7282.500000000;1;9595904723;B
20240214;100513;7282.500000000;1;9595904724;B
20240214;100513;7282.500000000;1;9595904725;B
20240214;100513;7282.500000000;1;9595904726;B
20240214;100519;7281.500000000;5;9595906051;S
20240214;100524;7281.500000000;5;9595907304;S
20240214;100524;7281.500000000;5;9595907305;S
20240214;100526;7282.500000000;1;9595907851;B
20240214;100527;7282.500000000;2;9595908060;B
20240214;100533;7282.500000000;5;9595909605;B
20240214;100534;7282.500000000;1;9595909686;B
20240214;100539;7282.500000000;41;9595910918;B
20240214;100539;7282.500000000;5;9595910930;B
20240214;100542;7282.500000000;1;9595911722;B
20240214;100545;7282.500000000;2;9595912202;B
20240214;100545;7282.500000000;10;9595912460;B
20240214;100546;7282.000000000;1;9595912576;S
20240214;100546;7282.000000000;10;9595912577;S
20240214;100546;7282.000000000;10;9595912578;S
20240214;100546;7282.000000000;2;9595912579;S
20240214;100546;7281.500000000;34;9595912580;S
20240214;100546;7281.500000000;10;9595912581;S
20240214;100546;7281.500000000;15;9595912582;S
20240214;100546;7281.000000000;38;9595912583;S
20240214;100546;7281.000000000;10;9595912584;S
20240214;100546;7281.000000000;10;9595912585;S
20240214;100546;7281.000000000;20;9595912586;S
20240214;100546;7281.000000000;10;9595912587;S
20240214;100546;7281.000000000;10;9595912588;S
20240214;100546;7281.000000000;20;9595912589;S
20240214;100546;7281.000000000;10;9595912590;S
20240214;100546;7281.000000000;5;9595912591;S
20240214;100546;7281.000000000;10;9595912592;S
20240214;100546;7281.000000000;5;9595912593;S
20240214;100546;7281.000000000;10;9595912594;B
20240214;100546;7281.000000000;10;9595912596;B
20240214;100548;7281.000000000;1;9595913096;B
20240214;100556;7280.500000000;2;9595914989;S
20240214;100601;7281.000000000;1;9595916170;B
20240214;100601;7281.000000000;1;9595916334;B
20240214;100604;7281.000000000;1;9595916908;B
20240214;100605;7280.500000000;53;9595917198;S
20240214;100607;7281.000000000;5;9595917710;B
20240214;100608;7280.500000000;16;9595917862;S
20240214;100609;7280.500000000;2;9595918101;S
20240214;100609;7280.500000000;2;9595918138;S
20240214;100610;7281.000000000;1;9595918285;B
20240214;100611;7281.000000000;1;9595918679;B
20240214;100615;7280.500000000;2;9595919523;S
20240214;100617;7280.500000000;108;9595919890;S
20240214;100617;7280.500000000;5;9595919891;S
20240214;100617;7280.500000000;6;9595919892;S
20240214;100617;7280.500000000;4;9595919893;S
20240214;100617;7280.500000000;6;9595919894;S
20240214;100617;7280.500000000;10;9595919895;S
20240214;100617;7280.500000000;30;9595919896;S
20240214;100617;7280.500000000;4;9595919897;S
20240214;100617;7280.500000000;2;9595919898;S
20240214;100618;7281.000000000;1;9595920294;B
20240214;100619;7281.000000000;15;9595920404;B
20240214;100622;7281.000000000;2;9595921081;B
20240214;100622;7280.500000000;1;9595921120;S
20240214;100622;7280.500000000;1;9595921121;S
20240214;100622;7280.500000000;2;9595921198;S
20240214;100622;7280.500000000;7;9595921199;S
20240214;100626;7280.500000000;3;9595922196;S
20240214;100626;7280.500000000;20;9595922197;S
20240214;100626;7280.500000000;10;9595922198;S
20240214;100626;7280.500000000;10;9595922199;S
20240214;100626;7280.500000000;10;9595922200;S
20240214;100626;7280.500000000;10;9595922201;S
20240214;100626;7280.500000000;5;9595922202;S
20240214;100626;7280.000000000;383;9595922203;S
20240214;100626;7280.000000000;1;9595922204;S
20240214;100626;7280.000000000;7;9595922205;S
20240214;100626;7280.000000000;1;9595922206;S
20240214;100626;7280.000000000;40;9595922207;S
20240214;100626;7280.000000000;1;9595922208;S
20240214;100626;7280.000000000;6;9595922209;S
20240214;100626;7280.000000000;1;9595922210;S
20240214;100626;7280.000000000;2;9595922211;S
20240214;100626;7279.500000000;1;9595922212;S
20240214;100626;7279.500000000;9;9595922213;S
20240214;100626;7279.000000000;5;9595922214;S
20240214;100626;7279.000000000;1;9595922215;S
20240214;100626;7279.000000000;1;9595922216;S
20240214;100626;7279.000000000;5;9595922217;S
20240214;100626;7279.000000000;28;9595922218;S
20240214;100626;7279.000000000;6;9595922219;S
20240214;100626;7279.000000000;16;9595922220;S
20240214;100626;7279.000000000;23;9595922221;S
20240214;100626;7279.000000000;61;9595922222;S
20240214;100626;7279.000000000;1;9595922223;S
20240214;100626;7279.000000000;2;9595922224;S
20240214;100626;7279.000000000;10;9595922225;S
20240214;100626;7278.500000000;1;9595922227;S
20240214;100626;7278.500000000;5;9595922228;S
20240214;100626;7278.000000000;4;9595922231;S
20240214;100626;7278.000000000;5;9595922232;S
20240214;100626;7278.000000000;4;9595922233;S
20240214;100626;7278.000000000;3;9595922234;S
20240214;100626;7278.500000000;10;9595922235;B
20240214;100626;7278.000000000;16;9595922236;S
20240214;100626;7278.000000000;14;9595922237;S
20240214;100626;7278.000000000;2;9595922238;S
20240214;100626;7278.000000000;8;9595922239;S
20240214;100626;7278.000000000;25;9595922240;B
20240214;100626;7278.000000000;5;9595922241;S
20240214;100627;7278.500000000;1;9595922502;B
20240214;100628;7278.500000000;1;9595922691;B
20240214;100631;7278.500000000;12;9595923419;B
20240214;100632;7278.500000000;10;9595923589;B
20240214;100635;7278.500000000;3;9595924235;B
20240214;100638;7278.000000000;1;9595924960;S
20240214;100640;7278.000000000;3;9595925306;S
20240214;100640;7278.500000000;1;9595925352;B
20240214;100640;7278.500000000;5;9595925368;B
20240214;100644;7278.500000000;1;9595926260;B
20240214;100644;7278.000000000;16;9595926261;S
20240214;100644;7277.500000000;80;9595926321;S
20240214;100644;7276.000000000;5;9595926324;S
20240214;100644;7275.500000000;15;9595926325;S
20240214;100644;7276.000000000;1;9595926327;B
20240214;100644;7276.000000000;1;9595926330;B
20240214;100645;7275.500000000;3;9595926587;S
20240214;100647;7276.000000000;8;9595926960;B
20240214;100647;7276.000000000;24;9595926961;B
20240214;100647;7276.000000000;50;9595926962;B
20240214;100647;7276.000000000;50;9595926963;B
20240214;100647;7276.000000000;15;9595926964;B
20240214;100647;7277.000000000;50;9595926965;B
20240214;100647;7277.000000000;50;9595926966;B
20240214;100647;7277.500000000;10;9595926967;B
20240214;100647;7278.000000000;42;9595926968;B
20240214;100651;7276.000000000;1;9595927783;B
20240214;100652;7276.000000000;9;9595928003;B
20240214;100652;7276.000000000;7;9595928004;B
20240214;100654;7276.500000000;1;9595928376;B
20240214;100654;7276.500000000;1;9595928614;B
20240214;100655;7276.500000000;4;9595928684;B
20240214;100657;7276.000000000;1;9595929132;B
20240214;100701;7276.500000000;1;9595930460;B
20240214;100703;7276.500000000;1;9595930931;B
20240214;100704;7276.500000000;1;9595931216;B
20240214;100704;7276.500000000;8;9595931251;B
20240214;100705;7276.000000000;4;9595931675;S
20240214;100705;7276.000000000;5;9595931676;S
20240214;100705;7275.500000000;2;9595931684;S
20240214;100705;7275.500000000;16;9595931685;S
20240214;100705;7275.500000000;10;9595931686;S
20240214;100705;7275.500000000;10;9595931687;S
20240214;100705;7275.500000000;10;9595931688;S
20240214;100705;7275.000000000;3;9595931694;S
20240214;100705;7275.000000000;1;9595931695;S
20240214;100705;7275.000000000;13;9595931696;S
20240214;100705;7275.000000000;1;9595931697;S
20240214;100705;7275.000000000;1;9595931698;S
20240214;100711;7274.000000000;5;9595933233;B
20240214;100712;7274.000000000;5;9595933280;B
20240214;100712;7275.000000000;22;9595933281;B
20240214;100712;7275.000000000;10;9595933282;B
20240214;100712;7275.500000000;38;9595933283;B
20240214;100713;7275.500000000;1;9595933632;B
20240214;100715;7275.500000000;1;9595934155;B
20240214;100716;7275.000000000;42;9595934180;S
20240214;100716;7275.000000000;10;9595934181;S
20240214;100716;7274.500000000;50;9595934182;S
20240214;100716;7274.500000000;21;9595934183;S
20240214;100716;7274.500000000;1;9595934184;S
20240214;100716;7273.500000000;50;9595934185;S
20240214;100716;7273.500000000;15;9595934186;S
20240214;100716;7272.500000000;1;9595934187;S
20240214;100716;7272.500000000;50;9595934188;S
20240214;100716;7272.000000000;1;9595934189;S
20240214;100716;7272.000000000;9;9595934190;S
20240214;100716;7275.500000000;2;9595934437;B
20240214;100717;7273.500000000;1;9595934450;B
20240214;100717;7275.500000000;5;9595934541;B
20240214;100719;7276.000000000;2;9595935133;B
20240214;100719;7276.500000000;1;9595935263;B
20240214;100719;7277.000000000;1;9595935264;B
20240214;100719;7277.000000000;6;9595935265;B
20240214;100720;7277.500000000;1;9595935545;B
20240214;100720;7278.000000000;10;9595935546;B
20240214;100720;7278.500000000;10;9595935590;B
20240214;100720;7278.500000000;10;9595935591;B
20240214;100720;7278.500000000;50;9595935592;B
20240214;100720;7279.000000000;30;9595935593;B
20240214;100722;7277.000000000;10;9595935851;S
20240214;100722;7277.000000000;10;9595935852;S
20240214;100723;7277.000000000;10;9595936348;S
20240214;100723;7278.500000000;4;9595936499;B
20240214;100726;7278.500000000;1;9595937420;B
20240214;100727;7278.500000000;5;9595937498;B
20240214;100727;7279.000000000;3;9595937499;B
20240214;100730;7278.500000000;2;9595938084;B
20240214;100733;7277.000000000;10;9595938857;S
20240214;100736;7278.500000000;1;9595939383;B
20240214;100736;7278.500000000;7;9595939409;B
20240214;100736;7278.500000000;2;9595939410;B
20240214;100737;7279.000000000;7;9595939694;B
20240214;100737;7279.000000000;19;9595939695;B
20240214;100737;7279.000000000;10;9595939696;B
20240214;100737;7279.500000000;5;9595939697;B
20240214;100740;7279.000000000;1;9595940142;B
20240214;100740;7279.000000000;42;9595940157;S
20240214;100741;7279.000000000;42;9595940232;S
20240214;100741;7279.000000000;42;9595940247;S
20240214;100743;7279.000000000;1;9595940724;B
20240214;100744;7279.000000000;13;9595941064;B
20240214;100745;7278.500000000;140;9595941174;S
20240214;100745;7279.000000000;1;9595941215;B
20240214;100749;7279.000000000;1;9595941908;B
20240214;100749;7279.000000000;1;9595941946;B
20240214;100751;7279.000000000;1;9595942261;B
20240214;100751;7279.000000000;2;9595942283;B
20240214;100751;7279.000000000;3;9595942290;B
20240214;100751;7279.000000000;1;9595942301;B
20240214;100751;7279.000000000;5;9595942302;B
20240214;100752;7279.500000000;1;9595942543;B
20240214;100753;7278.500000000;20;9595942553;S
20240214;100753;7279.000000000;5;9595942620;B
20240214;100754;7279.000000000;5;9595942907;B
20240214;100754;7279.500000000;15;9595942908;B
20240214;100755;7278.500000000;7;9595942983;S
20240214;100756;7278.500000000;3;9595943185;S
20240214;100756;7279.500000000;1;9595943229;B
20240214;100757;7278.500000000;2;9595943442;S
20240214;100758;7279.500000000;1;9595943816;B
20240214;100800;7279.500000000;1;9595944167;B
20240214;100801;7279.000000000;1;9595944264;S
20240214;100803;7279.000000000;1;9595944612;B
20240214;100804;7278.500000000;28;9595945031;S
20240214;100805;7279.000000000;1;9595945254;B
20240214;100810;7278.000000000;1;9595946169;S
20240214;100811;7278.500000000;19;9595946286;B
20240214;100811;7278.500000000;8;9595946287;B
20240214;100811;7278.000000000;50;9595946420;S
20240214;100811;7277.000000000;4;9595946456;S
20240214;100815;7275.000000000;1;9595947218;B
20240214;100819;7275.500000000;1;9595947823;B
20240214;100820;7275.500000000;1;9595947979;B
20240214;100820;7274.500000000;30;9595948046;S
20240214;100820;7274.000000000;10;9595948047;S
20240214;100820;7274.000000000;2;9595948048;S
20240214;100820;7273.500000000;8;9595948049;S
20240214;100824;7275.000000000;1;9595948717;B
20240214;100824;7275.000000000;1;9595948758;B
20240214;100825;7274.500000000;4;9595948906;S
20240214;100827;7274.500000000;6;9595949242;S
20240214;100827;7274.500000000;10;9595949243;S
20240214;100828;7273.500000000;15;9595949478;S
20240214;100830;7274.000000000;1;9595950046;B
20240214;100832;7274.000000000;1;9595950312;B
20240214;100834;7273.500000000;79;9595950640;S
20240214;100834;7273.500000000;18;9595950641;S
20240214;100834;7273.000000000;10;9595950642;S
20240214;100834;7272.500000000;50;9595950643;S
20240214;100834;7272.000000000;1;9595950644;S
20240214;100834;7272.000000000;28;9595950645;S
20240214;100834;7273.500000000;10;9595950649;B
20240214;100835;7273.500000000;5;9595951134;B
20240214;100837;7273.000000000;10;9595951386;S
20240214;100837;7273.000000000;30;9595951387;S
20240214;100837;7273.000000000;30;9595951388;S
20240214;100837;7272.500000000;18;9595951389;S
20240214;100837;7272.500000000;10;9595951390;S
20240214;100837;7272.000000000;22;9595951391;S
20240214;100837;7272.000000000;10;9595951392;B
20240214;100837;7272.000000000;10;9595951393;B
20240214;100838;7272.000000000;1;9595951652;B
20240214;100839;7272.000000000;10;9595951821;B
20240214;100841;7272.000000000;7;9595952187;B
20240214;100843;7272.000000000;1;9595952625;B
20240214;100845;7272.000000000;10;9595952888;B
20240214;100847;7272.000000000;1;9595953251;B
20240214;100851;7272.000000000;30;9595953945;B
20240214;100851;7272.000000000;1;9595953946;B
20240214;100851;7272.000000000;1;9595953947;B
20240214;100851;7272.500000000;8;9595953948;B
20240214;100851;7272.500000000;5;9595954057;B
20240214;100856;7270.500000000;7;9595955112;S
20240214;100856;7270.500000000;1;9595955113;S
20240214;100856;7270.500000000;1;9595955114;S
20240214;100857;7270.000000000;1;9595955476;S
20240214;100858;7270.000000000;2;9595955719;S
20240214;100858;7270.000000000;82;9595955720;S
20240214;100858;7270.000000000;1;9595955721;S
20240214;100858;7270.000000000;1;9595955722;S
20240214;100858;7270.000000000;1;9595955723;S
20240214;100858;7270.000000000;3;9595955724;S
20240214;100858;7270.000000000;2;9595955725;S
20240214;100858;7270.000000000;3;9595955726;S
20240214;100858;7270.000000000;4;9595955727;S
20240214;100858;7270.000000000;1;9595955728;S
20240214;100858;7270.000000000;4;9595955729;S
20240214;100858;7270.000000000;1;9595955730;S
20240214;100858;7270.000000000;5;9595955731;S
20240214;100858;7270.000000000;1;9595955732;S
20240214;100858;7270.000000000;1;9595955733;S
20240214;100858;7270.000000000;15;9595955734;S
20240214;100858;7270.000000000;3;9595955735;S
20240214;100858;7270.000000000;15;9595955736;S
20240214;100858;7269.500000000;10;9595955746;B
20240214;100858;7269.000000000;1;9595955831;S
20240214;100858;7269.000000000;1;9595955832;S
20240214;100858;7269.000000000;1;9595955833;S
20240214;100858;7269.000000000;1;9595955834;S
20240214;100858;7269.000000000;1;9595955835;S
20240214;100858;7269.000000000;1;9595955836;S
20240214;100858;7269.000000000;2;9595955837;S
20240214;100858;7269.000000000;1;9595955838;S
20240214;100858;7269.000000000;4;9595955839;S
20240214;100858;7269.000000000;1;9595955840;S
20240214;100858;7269.000000000;1;9595955841;S
20240214;100858;7269.000000000;2;9595955842;S
20240214;100900;7269.000000000;2;9595956089;S
20240214;100900;7269.000000000;2;9595956090;S
20240214;100900;7269.000000000;7;9595956100;S
20240214;100900;7269.000000000;3;9595956101;S
20240214;100900;7269.000000000;1;9595956102;S
20240214;100900;7269.000000000;1;9595956103;S
20240214;100900;7269.000000000;1;9595956104;S
20240214;100900;7269.000000000;1;9595956105;S
20240214;100900;7269.000000000;10;9595956106;S
20240214;100900;7269.000000000;9;9595956107;S
20240214;100900;7269.000000000;17;9595956108;S
20240214;100901;7269.000000000;123;9595956384;S
20240214;100901;7269.000000000;13;9595956385;S
20240214;100901;7269.000000000;7;9595956386;S
20240214;100901;7269.000000000;2;9595956387;S
20240214;100901;7269.000000000;34;9595956388;S
20240214;100901;7269.000000000;26;9595956389;S
20240214;100901;7269.000000000;4;9595956410;S
20240214;100901;7269.000000000;10;9595956411;S
20240214;100901;7268.500000000;33;9595956430;S
20240214;100901;7268.500000000;4;9595956431;S
20240214;100901;7268.500000000;1;9595956432;S
20240214;100901;7268.500000000;1;9595956433;S
20240214;100901;7268.500000000;10;9595956434;S
20240214;100901;7268.500000000;10;9595956435;S
20240214;100901;7268.500000000;10;9595956436;S
20240214;100901;7268.500000000;10;9595956437;S
20240214;100902;7268.000000000;30;9595956534;S
20240214;100902;7268.000000000;3;9595956535;S
20240214;100902;7268.000000000;1;9595956536;S
20240214;100902;7268.000000000;2;9595956537;S
20240214;100902;7268.000000000;36;9595956538;S
20240214;100904;7268.500000000;15;9595956954;B
20240214;100906;7268.000000000;26;9595957411;S
20240214;100906;7268.000000000;20;9595957412;S
20240214;100906;7268.000000000;1;9595957413;S
20240214;100906;7267.500000000;18;9595957414;S
20240214;100906;7267.500000000;10;9595957415;S
20240214;100906;7267.000000000;24;9595957416;S
20240214;100906;7267.500000000;15;9595957417;B
20240214;100907;7267.500000000;5;9595957567;S
20240214;100908;7267.000000000;10;9595957708;S
20240214;100908;7267.000000000;4;9595957709;S
20240214;100912;7267.500000000;1;9595958732;B
20240214;100916;7268.000000000;30;9595959529;B
20240214;100916;7268.500000000;1;9595959530;B
20240214;100916;7270.000000000;3;9595959531;B
20240214;100916;7271.000000000;7;9595959674;B
20240214;100917;7270.500000000;5;9595959729;S
20240214;100922;7272.000000000;1;9595960644;S
20240214;100924;7272.000000000;30;9595960938;B
20240214;100926;7270.500000000;1;9595961197;S
20240214;100926;7270.000000000;14;9595961294;S
20240214;100928;7270.000000000;1;9595961503;S
20240214;100931;7271.000000000;3;9595962044;S
20240214;100932;7271.000000000;10;9595962275;S
20240214;100940;7271.500000000;1;9595963647;B
20240214;100940;7271.500000000;3;9595963717;B
20240214;100943;7270.500000000;1;9595964138;S
20240214;100945;7271.500000000;2;9595964650;B
20240214;100945;7271.500000000;1;9595964651;B
20240214;100945;7271.500000000;10;9595964652;B
20240214;100945;7271.500000000;16;9595964653;B
20240214;100948;7271.500000000;8;9595965100;S
20240214;100949;7272.000000000;1;9595965341;B
20240214;100950;7272.000000000;2;9595965382;B
20240214;100950;7271.500000000;63;9595965465;S
20240214;100950;7271.000000000;16;9595965466;S
20240214;100950;7271.000000000;10;9595965467;S
20240214;100954;7270.500000000;5;9595966369;S
20240214;100954;7270.500000000;2;9595966370;S
20240214;100958;7270.500000000;10;9595967091;B
20240214;100958;7270.500000000;15;9595967092;B
20240214;100958;7271.000000000;2;9595967093;B
20240214;100959;7270.500000000;7;9595967229;S
20240214;101000;7270.500000000;118;9595967473;S
20240214;101000;7270.500000000;10;9595967475;B
20240214;101001;7270.000000000;1;9595967609;S
20240214;101001;7270.000000000;5;9595967610;S
20240214;101001;7268.500000000;9;9595967611;S
20240214;101004;7269.000000000;3;9595968133;B
20240214;101004;7269.000000000;7;9595968225;B
20240214;101004;7269.000000000;42;9595968226;B
20240214;101004;7269.500000000;19;9595968227;B
20240214;101005;7268.000000000;1;9595968369;S
20240214;101005;7267.500000000;3;9595968370;S
20240214;101005;7267.500000000;10;9595968371;S
20240214;101005;7267.000000000;6;9595968372;S
20240214;101011;7269.000000000;10;9595969549;B
20240214;101012;7267.500000000;3;9595969662;S
20240214;101016;7269.000000000;3;9595970413;B
20240214;101017;7269.500000000;31;9595970527;B
20240214;101017;7269.500000000;10;9595970528;B
20240214;101017;7268.000000000;31;9595970544;S
20240214;101017;7268.000000000;15;9595970545;S
20240214;101017;7268.000000000;10;9595970546;S
20240214;101017;7267.000000000;50;9595970547;S
20240214;101017;7266.500000000;14;9595970548;S
20240214;101017;7266.500000000;15;9595970549;S
20240214;101017;7266.500000000;25;9595970550;S
20240214;101017;7266.000000000;4;9595970551;S
20240214;101017;7266.000000000;31;9595970552;S
20240214;101018;7266.000000000;1;9595970588;S
20240214;101018;7267.500000000;3;9595970627;S
20240214;101026;7266.500000000;1;9595971956;S
20240214;101029;7267.000000000;3;9595972635;S
20240214;101036;7268.000000000;2;9595973771;B
20240214;101041;7267.500000000;1;9595974481;S
20240214;101041;7268.000000000;14;9595974482;B
20240214;101041;7268.500000000;10;9595974515;S
20240214;101041;7269.000000000;2;9595974582;B
20240214;101041;7269.500000000;1;9595974583;B
20240214;101041;7270.000000000;1;9595974679;B
20240214;101042;7268.500000000;1;9595974891;S
20240214;101043;7268.000000000;6;9595975085;S
20240214;101044;7268.000000000;2;9595975186;S
20240214;101046;7269.000000000;2;9595975445;S
20240214;101050;7269.500000000;1;9595976250;B
20240214;101051;7269.000000000;1;9595976265;S
20240214;101051;7269.500000000;5;9595976267;B
20240214;101057;7270.000000000;1;9595977304;B
20240214;101101;7270.000000000;1;9595977888;S
20240214;101104;7270.500000000;1;9595978369;B
20240214;101105;7270.500000000;4;9595978659;B
20240214;101105;7270.500000000;10;9595978665;S
20240214;101108;7270.000000000;1;9595979280;S
20240214;101111;7270.000000000;10;9595979688;S
20240214;101111;7270.000000000;1;9595979776;S
20240214;101116;7270.500000000;42;9595980711;B
20240214;101116;7270.500000000;42;9595980712;B
20240214;101116;7270.500000000;86;9595980713;B
20240214;101116;7270.500000000;10;9595980714;B
20240214;101116;7271.000000000;11;9595980715;B
20240214;101116;7271.000000000;18;9595980823;B
20240214;101120;7270.500000000;3;9595982090;B
20240214;101121;7271.000000000;1;9595982127;B
20240214;101124;7270.500000000;1;9595982603;B
20240214;101126;7270.500000000;1;9595982924;B
20240214;101128;7270.500000000;3;9595983154;B
20240214;101128;7270.000000000;9;9595983185;S
20240214;101131;7270.500000000;1;9595983627;B
20240214;101132;7270.500000000;1;9595983817;B
20240214;101133;7270.000000000;1;9595983969;S
20240214;101133;7270.500000000;10;9595984056;S
20240214;101133;7270.500000000;10;9595984114;S
20240214;101133;7270.500000000;10;9595984115;S
20240214;101134;7271.000000000;13;9595984226;B
20240214;101139;7270.500000000;14;9595984959;S
20240214;101139;7270.000000000;5;9595984960;S
20240214;101139;7270.000000000;11;9595984961;S
20240214;101140;7270.500000000;2;9595985153;S
20240214;101141;7270.500000000;30;9595985395;S
20240214;101142;7270.500000000;1;9595985428;S
20240214;101144;7271.000000000;2;9595985724;B
20240214;101145;7271.000000000;1;9595985940;B
20240214;101146;7271.000000000;1;9595986122;B
20240214;101152;7270.500000000;1;9595987054;S
20240214;101156;7270.500000000;1;9595987825;S
20240214;101157;7271.000000000;5;9595987958;B
20240214;101159;7271.000000000;5;9595988523;B
20240214;101204;7271.000000000;6;9595989272;B
20240214;101206;7270.500000000;2;9595989666;S
20240214;101206;7270.500000000;9;9595989667;S
20240214;101209;7271.000000000;1;9595990549;B
20240214;101210;7271.000000000;5;9595990810;B
20240214;101210;7270.500000000;1;9595991065;S
20240214;101212;7270.500000000;32;9595991470;S
20240214;101212;7270.500000000;50;9595991471;S
20240214;101212;7270.500000000;3;9595991472;S
20240214;101212;7270.500000000;10;9595991473;S
20240214;101214;7270.000000000;1;9595991994;S
20240214;101219;7270.000000000;10;9595993050;S
20240214;101223;7270.500000000;15;9595994046;B
20240214;101223;7270.500000000;3;9595994157;B
20240214;101233;7270.500000000;10;9595996511;B
20240214;101239;7270.500000000;1;9595997998;B
20240214;101240;7270.500000000;10;9595998261;B
20240214;101242;7270.500000000;15;9595998783;B
20240214;101248;7270.500000000;1;9596000340;B
20240214;101250;7270.500000000;1;9596000655;B
20240214;101253;7270.500000000;1;9596001454;B
20240214;101254;7270.500000000;3;9596001604;B
20240214;101254;7270.500000000;7;9596001605;B
20240214;101254;7270.500000000;3;9596001610;B
20240214;101254;7270.500000000;2;9596001696;B
20240214;101256;7270.500000000;1;9596002161;B
20240214;101257;7270.000000000;4;9596002522;S
20240214;101258;7270.000000000;20;9596002627;S
20240214;101258;7270.000000000;3;9596002628;S
20240214;101258;7270.000000000;2;9596002629;S
20240214;101258;7270.000000000;1;9596002630;S
20240214;101258;7270.000000000;31;9596002631;S
20240214;101259;7270.000000000;41;9596002666;S
20240214;101300;7270.500000000;2;9596002794;B
20240214;101300;7270.500000000;10;9596002999;B
20240214;101302;7270.500000000;50;9596003390;B
20240214;101312;7270.500000000;8;9596004911;B
20240214;101314;7270.500000000;3;9596005390;B
20240214;101317;7270.500000000;15;9596006176;B
20240214;101320;7270.500000000;2;9596006675;B
20240214;101322;7270.500000000;5;9596007262;B
20240214;101325;7270.500000000;2;9596007904;B
20240214;101326;7270.500000000;1;9596007958;B
20240214;101330;7270.500000000;8;9596008829;B
20240214;101333;7270.500000000;1;9596009220;B
20240214;101334;7270.000000000;5;9596009414;S
20240214;101336;7270.500000000;1;9596009813;B
20240214;101336;7270.500000000;1;9596009861;B
20240214;101339;7270.000000000;1;9596010313;S
20240214;101349;7270.000000000;6;9596011908;S
20240214;101354;7270.500000000;10;9596012875;B
20240214;101358;7270.000000000;8;9596013833;S
20240214;101400;7270.000000000;1;9596014137;S
20240214;101405;7270.500000000;1;9596014890;B
20240214;101409;7270.500000000;1;9596015641;B
20240214;101410;7270.000000000;6;9596015831;S
20240214;101412;7270.500000000;3;9596016075;B
20240214;101412;7270.000000000;1;9596016230;S
20240214;101412;7270.000000000;1;9596016231;S
20240214;101412;7270.000000000;2;9596016232;S
20240214;101412;7270.000000000;1;9596016233;S
20240214;101412;7270.000000000;1;9596016234;S
20240214;101412;7270.000000000;1;9596016235;S
20240214;101412;7270.000000000;1;9596016236;S
20240214;101413;7270.500000000;1;9596016312;B
20240214;101413;7270.000000000;3;9596016379;S
20240214;101415;7270.500000000;1;9596016766;B
20240214;101419;7270.500000000;1;9596017436;B
20240214;101420;7270.000000000;2;9596017605;S
20240214;101420;7270.000000000;23;9596017606;S
20240214;101421;7270.000000000;1;9596017760;S
20240214;101422;7270.000000000;1;9596017948;S
20240214;101423;7270.000000000;1;9596018212;S
20240214;101424;7270.000000000;4;9596018488;S
20240214;101424;7270.000000000;11;9596018489;S
20240214;101424;7270.000000000;16;9596018490;S
20240214;101426;7270.500000000;9;9596018747;B
20240214;101427;7270.500000000;2;9596018836;B
20240214;101427;7270.500000000;1;9596018915;B
20240214;101428;7270.500000000;1;9596019112;B
20240214;101430;7270.500000000;5;9596019337;B
20240214;101433;7270.000000000;14;9596019937;S
20240214;101433;7270.000000000;1;9596019938;S
20240214;101433;7270.000000000;2;9596019939;S
20240214;101435;7270.000000000;1;9596020249;S
20240214;101439;7270.000000000;1;9596020948;S
20240214;101441;7270.500000000;1;9596021456;B
20240214;101442;7270.000000000;1;9596021664;S
20240214;101442;7270.000000000;3;9596021665;S
20240214;101442;7270.500000000;2;9596021727;B
20240214;101444;7270.000000000;15;9596021977;S
20240214;101445;7270.500000000;3;9596022128;B
20240214;101446;7270.500000000;6;9596022263;B
20240214;101447;7270.500000000;3;9596022457;B
20240214;101447;7270.000000000;2;9596022508;S
20240214;101448;7270.000000000;6;9596022519;S
20240214;101448;7270.500000000;2;9596022572;B
20240214;101448;7270.500000000;2;9596022579;B
20240214;101449;7270.500000000;5;9596022821;B
20240214;101449;7270.500000000;10;9596022857;B
20240214;101454;7270.500000000;1;9596023964;B
20240214;101456;7270.500000000;1;9596024260;B
20240214;101458;7270.500000000;1;9596024557;B
20240214;101504;7270.500000000;1;9596025541;B
20240214;101506;7270.000000000;1;9596026056;S
20240214;101506;7270.000000000;10;9596026057;S
20240214;101507;7270.000000000;9;9596026064;S
20240214;101507;7270.000000000;3;9596026065;S
20240214;101513;7270.500000000;2;9596027345;B
20240214;101518;7270.000000000;4;9596028670;S
20240214;101518;7270.000000000;6;9596028671;S
20240214;101523;7270.000000000;1;9596030163;S
20240214;101523;7270.500000000;5;9596030318;B
20240214;101524;7270.000000000;1;9596030649;S
20240214;101524;7270.500000000;8;9596030735;B
20240214;101526;7270.500000000;5;9596030991;B
20240214;101526;7270.500000000;2;9596031075;B
20240214;101527;7270.000000000;12;9596031302;S
20240214;101527;7270.000000000;11;9596031303;S
20240214;101527;7270.000000000;7;9596031304;S
20240214;101527;7270.500000000;10;9596031310;B
20240214;101529;7270.000000000;1;9596031836;S
20240214;101533;7270.000000000;7;9596032675;S
20240214;101533;7270.000000000;1;9596032676;S
20240214;101533;7270.000000000;3;9596032677;S
20240214;101533;7270.000000000;1;9596032678;S
20240214;101533;7270.000000000;1;9596032679;S
20240214;101533;7270.000000000;16;9596032680;S
20240214;101533;7270.000000000;11;9596032681;S
20240214;101536;7270.000000000;1;9596033279;S
20240214;101536;7270.000000000;11;9596033280;S
20240214;101536;7270.000000000;16;9596033281;S
20240214;101536;7269.500000000;11;9596033282;S
20240214;101536;7269.500000000;50;9596033283;S
20240214;101536;7269.000000000;1;9596033284;S
20240214;101536;7269.000000000;1;9596033285;S
20240214;101536;7269.000000000;10;9596033286;S
20240214;101536;7269.000000000;11;9596033287;S
20240214;101536;7269.000000000;34;9596033288;S
20240214;101536;7269.000000000;10;9596033289;S
20240214;101536;7268.500000000;60;9596033290;S
20240214;101536;7268.000000000;100;9596033291;S
20240214;101536;7268.000000000;13;9596033292;S
20240214;101536;7268.000000000;1;9596033293;S
20240214;101536;7268.000000000;10;9596033294;S
20240214;101536;7268.000000000;2;9596033295;S
20240214;101536;7268.000000000;5;9596033296;S
20240214;101536;7268.000000000;3;9596033297;S
20240214;101536;7267.500000000;1;9596033304;S
20240214;101537;7269.000000000;1;9596033603;B
20240214;101537;7269.000000000;3;9596033640;B
20240214;101539;7269.500000000;1;9596034063;S
20240214;101553;7270.000000000;16;9596037492;B
20240214;101553;7270.500000000;14;9596037493;B
20240214;101600;7270.000000000;1;9596038985;S
20240214;101601;7270.500000000;1;9596039134;B
20240214;101604;7270.000000000;1;9596040048;S
20240214;101605;7270.500000000;2;9596040225;B
20240214;101605;7270.500000000;1;9596040277;B
20240214;101624;7270.500000000;4;9596044641;B
20240214;101624;7270.500000000;5;9596044642;B
20240214;101629;7270.000000000;10;9596045902;S
20240214;101629;7270.000000000;3;9596045903;S
20240214;101629;7270.000000000;1;9596045904;S
20240214;101629;7270.000000000;16;9596045905;S
20240214;101629;7270.000000000;7;9596045906;S
20240214;101629;7270.000000000;1;9596045907;S
20240214;101629;7269.500000000;10;9596045908;S
20240214;101629;7269.500000000;3;9596045909;S
20240214;101629;7269.500000000;10;9596045910;S
20240214;101629;7269.500000000;13;9596045911;S
20240214;101631;7270.000000000;9;9596046342;B
20240214;101634;7270.000000000;2;9596046964;B
20240214;101634;7270.000000000;1;9596046969;B
20240214;101635;7270.500000000;1;9596047104;B
20240214;101638;7270.000000000;1;9596047715;S
20240214;101641;7270.500000000;2;9596048329;B
20240214;101641;7270.500000000;98;9596048330;B
20240214;101642;7270.500000000;1;9596048511;B
20240214;101646;7270.000000000;4;9596049522;S
20240214;101647;7270.500000000;1;9596049765;B
20240214;101647;7270.000000000;3;9596049831;S
20240214;101648;7270.000000000;4;9596049933;S
20240214;101648;7270.000000000;10;9596049934;S
20240214;101648;7270.000000000;1;9596049935;S
20240214;101648;7270.000000000;11;9596049936;S
20240214;101648;7270.500000000;1;9596050060;B
20240214;101649;7270.500000000;1;9596050085;B
20240214;101656;7270.500000000;2;9596051898;B
20240214;101707;7270.000000000;4;9596054514;S
20240214;101707;7270.000000000;16;9596054515;S
20240214;101707;7270.000000000;10;9596054516;S
20240214;101707;7270.000000000;2;9596054517;S
20240214;101709;7270.500000000;2;9596054896;B
20240214;101709;7270.000000000;1;9596054909;S
20240214;101711;7270.000000000;19;9596055331;S
20240214;101711;7270.000000000;1;9596055332;S
20240214;101711;7270.000000000;11;9596055333;S
20240214;101711;7269.500000000;11;9596055334;S
20240214;101711;7269.500000000;1;9596055335;S
20240214;101711;7269.500000000;16;9596055336;S
20240214;101711;7269.500000000;10;9596055337;S
20240214;101711;7269.000000000;11;9596055338;S
20240214;101711;7269.000000000;53;9596055339;S
20240214;101713;7270.000000000;2;9596055542;B
20240214;101714;7270.000000000;13;9596055908;B
20240214;101714;7270.500000000;39;9596055909;B
20240214;101719;7270.500000000;1;9596056695;B
20240214;101720;7270.500000000;2;9596056818;B
20240214;101723;7270.000000000;1;9596057384;S
20240214;101726;7270.000000000;20;9596057901;S
20240214;101726;7270.000000000;32;9596058100;S
20240214;101727;7270.000000000;1;9596058280;B
20240214;101730;7270.000000000;1;9596059178;B
20240214;101733;7270.000000000;10;9596059836;B
20240214;101735;7270.000000000;1;9596060070;B
20240214;101737;7270.000000000;1;9596060567;B
20240214;101745;7269.500000000;11;9596062508;S
20240214;101745;7269.500000000;16;9596062509;S
20240214;101746;7269.500000000;20;9596062737;B
20240214;101747;7269.500000000;1;9596062860;B
20240214;101747;7269.500000000;10;9596062976;B
20240214;101753;7269.000000000;3;9596064268;S
20240214;101753;7269.000000000;1;9596064269;S
20240214;101801;7269.500000000;1;9596066210;B
20240214;101801;7269.000000000;1;9596066241;S
20240214;101802;7269.500000000;2;9596066345;B
20240214;101802;7269.500000000;3;9596066414;B
20240214;101802;7269.500000000;3;9596066416;B
20240214;101802;7269.500000000;4;9596066482;B
20240214;101803;7269.000000000;1;9596066705;S
20240214;101803;7269.000000000;3;9596066706;S
20240214;101803;7269.000000000;1;9596066707;S
20240214;101803;7269.000000000;1;9596066708;S
20240214;101805;7269.500000000;1;9596067070;B
20240214;101808;7269.500000000;11;9596067742;B
20240214;101813;7269.000000000;1;9596068784;S
20240214;101817;7269.000000000;8;9596069871;S
20240214;101817;7269.000000000;9;9596069872;S
20240214;101823;7269.500000000;1;9596071779;B
20240214;101827;7269.500000000;2;9596072615;B
20240214;101828;7269.500000000;14;9596072921;B
20240214;101828;7269.500000000;2;9596072922;B
20240214;101828;7269.000000000;1;9596072996;S
20240214;101831;7269.500000000;10;9596073847;B
20240214;101833;7269.000000000;10;9596074228;S
20240214;101833;7269.000000000;10;9596074229;S
20240214;101833;7269.000000000;1;9596074230;S
20240214;101833;7269.000000000;10;9596074231;S
20240214;101833;7269.000000000;2;9596074232;S
20240214;101833;7269.000000000;11;9596074233;S
20240214;101833;7269.000000000;1;9596074234;S
20240214;101833;7269.000000000;34;9596074235;S
20240214;101833;7269.000000000;13;9596074236;S
20240214;101833;7269.000000000;10;9596074237;B
20240214;101833;7269.000000000;10;9596074238;B
20240214;101833;7269.000000000;10;9596074239;B
20240214;101833;7269.000000000;10;9596074250;B
20240214;101833;7269.000000000;10;9596074251;B
20240214;101833;7269.000000000;10;9596074252;B
20240214;101833;7269.500000000;10;9596074253;B
20240214;101838;7269.000000000;10;9596075617;S
20240214;101838;7269.000000000;10;9596075618;S
20240214;101838;7269.000000000;11;9596075619;S
20240214;101838;7269.000000000;60;9596075620;S
20240214;101838;7269.000000000;34;9596075621;S
20240214;101838;7269.000000000;16;9596075622;S
20240214;101841;7269.000000000;11;9596076181;S
20240214;101841;7269.000000000;9;9596076182;S
20240214;101841;7269.000000000;11;9596076259;S
20240214;101842;7269.000000000;1;9596076483;B
20240214;101842;7269.000000000;1;9596076508;B
20240214;101844;7269.500000000;6;9596077297;B
20240214;101845;7269.000000000;11;9596077617;S
20240214;101845;7269.000000000;10;9596077618;S
20240214;101845;7268.500000000;10;9596077619;S
20240214;101845;7268.500000000;10;9596077620;S
20240214;101845;7268.500000000;9;9596077621;S
20240214;101848;7269.000000000;11;9596078565;S
20240214;101848;7269.000000000;2;9596078566;S
20240214;101848;7269.000000000;1;9596078567;S
20240214;101848;7268.500000000;2;9596078568;S
20240214;101848;7268.500000000;20;9596078569;S
20240214;101848;7268.500000000;10;9596078570;S
20240214;101848;7268.500000000;4;9596078571;S
20240214;101849;7269.000000000;10;9596078883;B
20240214;101852;7269.000000000;2;9596079591;B
20240214;101853;7269.000000000;1;9596079752;B
20240214;101855;7269.000000000;75;9596080263;B
20240214;101855;7269.000000000;5;9596080264;B
20240214;101855;7269.000000000;1;9596080265;B
20240214;101856;7269.500000000;2;9596080324;B
20240214;101856;7269.000000000;5;9596080343;S
20240214;101856;7269.500000000;5;9596080460;B
20240214;101858;7269.500000000;44;9596080863;B
20240214;101858;7269.500000000;1;9596080864;B
20240214;101858;7269.500000000;1;9596080865;B
20240214;101858;7269.500000000;1;9596080866;B
20240214;101858;7269.500000000;2;9596080867;B
20240214;101858;7270.000000000;121;9596080868;B
20240214;101858;7269.000000000;2;9596080923;S
20240214;101901;7269.500000000;20;9596081482;B
20240214;101903;7269.000000000;2;9596081929;S
20240214;101909;7269.000000000;6;9596083261;S
20240214;101913;7269.500000000;88;9596084121;B
20240214;101913;7269.500000000;1;9596084122;B
20240214;101913;7270.000000000;3;9596084177;B
20240214;101913;7270.000000000;4;9596084213;B
20240214;101913;7269.500000000;109;9596084260;S
20240214;101913;7269.500000000;1;9596084261;S
20240214;101914;7270.000000000;23;9596084396;B
20240214;101914;7269.500000000;1;9596084438;S
20240214;101914;7270.000000000;3;9596084467;B
20240214;101914;7270.000000000;1;9596084468;B
20240214;101914;7270.000000000;16;9596084469;B
20240214;101914;7270.000000000;5;9596084527;B
20240214;101915;7269.500000000;4;9596084719;S
20240214;101916;7270.000000000;5;9596084729;B
20240214;101916;7270.000000000;6;9596084843;B
20240214;101919;7269.500000000;1;9596085292;S
20240214;101919;7269.500000000;6;9596085431;S
20240214;101919;7270.000000000;1;9596085435;B
20240214;101922;7270.000000000;7;9596085854;B
20240214;101922;7270.000000000;1;9596085855;B
20240214;101922;7270.000000000;1;9596085958;B
20240214;101923;7270.000000000;3;9596086061;B
20240214;101926;7270.000000000;9;9596086717;B
20240214;101927;7269.500000000;37;9596086966;S
20240214;101927;7269.500000000;16;9596086967;S
20240214;101927;7269.500000000;10;9596086972;B
20240214;101927;7269.500000000;10;9596086973;B
20240214;101927;7269.500000000;10;9596086974;B
20240214;101927;7269.500000000;10;9596086975;B
20240214;101928;7269.500000000;6;9596086989;B
20240214;101933;7270.000000000;9;9596088255;B
20240214;101935;7270.000000000;7;9596088551;B
20240214;101935;7270.000000000;5;9596088596;B
20240214;101935;7270.000000000;20;9596088701;B
20240214;101938;7270.000000000;5;9596089304;B
20240214;101938;7270.000000000;4;9596089308;B
20240214;101939;7270.000000000;1;9596089530;B
20240214;101939;7270.000000000;3;9596089600;B
20240214;101939;7270.000000000;6;9596089603;B
20240214;101941;7269.500000000;10;9596089927;S
20240214;101941;7270.000000000;3;9596090127;B
20240214;101942;7270.000000000;10;9596090152;B
20240214;101942;7270.000000000;2;9596090218;B
20240214;101942;7270.000000000;1;9596090220;B
20240214;101943;7270.000000000;1;9596090457;B
20240214;101946;7269.500000000;1;9596090940;S
20240214;101946;7269.500000000;16;9596090941;S
20240214;101946;7269.500000000;50;9596090942;S
20240214;101946;7269.500000000;17;9596090943;S
20240214;101947;7270.000000000;1;9596091252;B
20240214;101948;7270.000000000;1;9596091407;B
20240214;101950;7270.000000000;7;9596091846;B
20240214;101950;7270.000000000;1;9596091847;B
20240214;101950;7269.500000000;2;9596091851;S
20240214;101953;7270.000000000;1;9596092475;B
20240214;101953;7270.000000000;1;9596092476;B
20240214;101953;7269.500000000;7;9596092481;S
20240214;101954;7270.000000000;6;9596092497;B
20240214;101954;7270.000000000;10;9596092498;B
20240214;101954;7270.000000000;1;9596092499;B
20240214;101954;7270.000000000;3;9596092500;B
20240214;101955;7270.000000000;1;9596092961;B
20240214;101956;7270.000000000;10;9596093100;B
20240214;101956;7270.000000000;10;9596093114;B
20240214;101956;7270.000000000;9;9596093120;B
20240214;101957;7270.000000000;1;9596093280;B
20240214;101959;7270.000000000;1;9596093703;B
20240214;102000;7270.000000000;1;9596093841;B
20240214;102001;7270.000000000;2;9596094017;B
20240214;102002;7270.000000000;2;9596094183;B
20240214;102005;7270.000000000;2;9596094743;B
20240214;102005;7270.000000000;1;9596094756;B
20240214;102006;7270.000000000;2;9596094863;B
20240214;102006;7270.000000000;2;9596094873;B
20240214;102006;7270.000000000;1;9596094874;B
20240214;102006;7270.000000000;1;9596094986;B
20240214;102007;7269.500000000;1;9596095025;S
20240214;102007;7270.000000000;2;9596095066;B
20240214;102007;7269.500000000;3;9596095086;S
20240214;102012;7270.000000000;4;9596097545;B
20240214;102013;7270.000000000;3;9596097602;B
20240214;102013;7270.000000000;1;9596097952;B
20240214;102014;7269.500000000;1;9596098058;S
20240214;102016;7270.000000000;17;9596098735;B
20240214;102016;7270.000000000;4;9596098904;B
20240214;102021;7270.000000000;7;9596100762;B
20240214;102024;7269.500000000;24;9596102475;S
20240214;102025;7270.000000000;4;9596102680;B
20240214;102025;7270.000000000;2;9596102681;B
20240214;102026;7270.000000000;3;9596102815;B
20240214;102026;7270.000000000;1;9596102822;B
20240214;102028;7270.000000000;10;9596103787;B
20240214;102028;7270.000000000;20;9596103788;B
20240214;102029;7270.000000000;2;9596104280;B
20240214;102030;7270.000000000;62;9596104452;B
20240214;102030;7270.000000000;38;9596104453;B
20240214;102036;7270.000000000;62;9596105888;B
20240214;102036;7270.000000000;1;9596105889;B
20240214;102036;7270.000000000;1;9596105890;B
20240214;102036;7270.000000000;1;9596105891;B
20240214;102036;7270.000000000;25;9596105892;B
20240214;102036;7270.000000000;1;9596105893;B
20240214;102036;7270.000000000;2;9596105894;B
20240214;102036;7270.000000000;57;9596105895;B
20240214;102043;7270.000000000;1;9596108358;B
20240214;102044;7269.500000000;1;9596108577;S
20240214;102044;7269.500000000;1;9596108578;S
20240214;102044;7269.500000000;1;9596108579;S
20240214;102044;7269.500000000;1;9596108580;S
20240214;102044;7269.500000000;3;9596108581;S
20240214;102044;7269.500000000;1;9596108582;S
20240214;102044;7269.500000000;13;9596108583;S
20240214;102044;7269.500000000;1;9596108584;S
20240214;102044;7269.500000000;7;9596108585;S
20240214;102044;7269.500000000;2;9596108586;S
20240214;102044;7269.500000000;1;9596108587;S
20240214;102044;7269.500000000;1;9596108588;S
20240214;102044;7269.500000000;1;9596108589;S
20240214;102044;7269.500000000;2;9596108590;S
20240214;102044;7269.500000000;10;9596108591;S
20240214;102044;7269.500000000;4;9596108592;S
20240214;102045;7270.000000000;4;9596109575;B
20240214;102047;7270.000000000;6;9596110827;B
20240214;102048;7270.000000000;100;9596111061;B
20240214;102055;7270.000000000;7;9596114116;B
20240214;102056;7270.000000000;50;9596114181;B
20240214;102103;7270.000000000;205;9596115951;B
20240214;102103;7270.000000000;1;9596115958;B
20240214;102103;7270.000000000;1;9596115959;B
20240214;102103;7270.000000000;194;9596115960;B
20240214;102103;7270.000000000;1;9596115961;B
20240214;102103;7270.000000000;1;9596115962;B
20240214;102103;7270.000000000;2;9596115963;B
20240214;102103;7270.000000000;1;9596115964;B
20240214;102103;7270.000000000;2;9596115965;B
20240214;102103;7270.000000000;1;9596115966;B
20240214;102103;7270.000000000;1;9596115967;B
20240214;102103;7270.000000000;6;9596115968;B
20240214;102103;7270.000000000;6;9596115969;B
20240214;102103;7270.000000000;6;9596115970;B
20240214;102103;7270.000000000;15;9596115971;B
20240214;102104;7270.000000000;10;9596116304;B
20240214;102104;7270.000000000;10;9596116305;B
20240214;102104;7270.000000000;53;9596116306;B
20240214;102104;7270.000000000;1;9596116307;B
20240214;102104;7270.000000000;2;9596116308;B
20240214;102104;7270.000000000;38;9596116309;B
20240214;102104;7270.000000000;18;9596116310;B
20240214;102104;7270.000000000;13;9596116311;B
20240214;102105;7270.000000000;10;9596116413;B
20240214;102105;7270.000000000;21;9596116547;B
20240214;102105;7270.000000000;1;9596116548;B
20240214;102105;7270.000000000;2;9596116549;B
20240214;102107;7270.000000000;20;9596116750;B
20240214;102108;7270.000000000;13;9596116891;B
20240214;102108;7270.000000000;97;9596116925;B
20240214;102108;7270.000000000;1;9596116926;B
20240214;102108;7270.000000000;2;9596116927;B
20240214;102111;7269.500000000;1;9596118456;S
20240214;102111;7270.000000000;3;9596118457;B
20240214;102111;7270.000000000;10;9596118641;B
20240214;102111;7270.000000000;20;9596118642;B
20240214;102113;7270.000000000;147;9596118922;B
20240214;102113;7270.000000000;1;9596118923;B
20240214;102113;7270.000000000;2;9596118924;B
20240214;102116;7270.000000000;2;9596119513;B
20240214;102124;7270.000000000;10;9596122191;B
20240214;102126;7270.000000000;2;9596122465;B
20240214;102127;7270.000000000;1;9596122768;B
20240214;102127;7270.000000000;9;9596122855;B
20240214;102128;7269.500000000;1;9596122872;S
20240214;102130;7269.500000000;2;9596123257;S
20240214;102132;7269.500000000;7;9596123755;S
20240214;102132;7270.000000000;10;9596123770;B
20240214;102132;7269.500000000;10;9596123838;S
20240214;102132;7269.500000000;1;9596123839;S
20240214;102132;7269.500000000;1;9596123840;S
20240214;102132;7269.500000000;1;9596123841;S
20240214;102132;7269.500000000;1;9596123842;S
20240214;102132;7269.500000000;2;9596123843;S
20240214;102133;7270.000000000;1;9596124204;B
20240214;102138;7270.000000000;1;9596124747;B
20240214;102139;7270.000000000;10;9596124896;B
20240214;102140;7270.000000000;44;9596125879;B
20240214;102140;7270.000000000;1;9596125880;B
20240214;102141;7270.000000000;1;9596126753;B
20240214;102141;7269.500000000;1;9596126820;S
20240214;102141;7269.500000000;1;9596126821;S
20240214;102141;7269.500000000;1;9596126822;S
20240214;102141;7270.000000000;1;9596126894;B
20240214;102141;7270.000000000;1;9596126895;B
20240214;102141;7270.500000000;4;9596126897;B
20240214;102141;7270.500000000;11;9596126898;B
20240214;102141;7270.500000000;1;9596126899;B
20240214;102141;7270.000000000;2;9596126908;S
20240214;102141;7270.000000000;2;9596126910;S
20240214;102141;7270.000000000;2;9596126925;S
20240214;102142;7270.000000000;2;9596126947;S
20240214;102142;7270.000000000;1;9596126965;S
20240214;102142;7270.500000000;7;9596126966;B
20240214;102142;7270.500000000;63;9596126974;B
20240214;102142;7270.500000000;4;9596127034;B
20240214;102144;7270.500000000;11;9596127610;B
20240214;102144;7270.500000000;20;9596127622;B
20240214;102144;7270.500000000;4;9596127673;B
20240214;102144;7270.500000000;20;9596127674;B
20240214;102145;7270.000000000;5;9596127835;S
20240214;102145;7270.500000000;9;9596127867;B
20240214;102146;7270.500000000;49;9596127972;B
20240214;102150;7270.500000000;5;9596129366;B
20240214;102151;7270.500000000;19;9596129505;B
20240214;102152;7270.500000000;9;9596129640;B
20240214;102156;7270.500000000;4;9596131806;B
20240214;102156;7270.500000000;14;9596131877;B
20240214;102158;7271.000000000;5;9596132289;B
20240214;102158;7271.000000000;2;9596132290;B
20240214;102158;7271.000000000;6;9596132291;B
20240214;102159;7270.500000000;1;9596132382;S
20240214;102159;7271.000000000;7;9596132413;B
20240214;102159;7271.000000000;10;9596132430;B
20240214;102200;7271.000000000;20;9596132568;B
20240214;102200;7271.000000000;10;9596132569;B
20240214;102201;7271.000000000;15;9596132741;B
20240214;102201;7271.000000000;10;9596132795;B
20240214;102201;7271.000000000;5;9596132799;B
20240214;102201;7271.000000000;5;9596132800;B
20240214;102201;7271.000000000;10;9596132805;B
20240214;102201;7271.000000000;1;9596132806;B
20240214;102201;7271.000000000;1;9596132807;B
20240214;102201;7271.000000000;2;9596132808;B
20240214;102202;7271.000000000;9;9596132916;B
20240214;102206;7271.500000000;9;9596134059;B
20240214;102208;7271.500000000;1;9596135522;S
20240214;102209;7272.000000000;1;9596136293;B
20240214;102209;7272.000000000;1;9596136330;B
20240214;102209;7272.000000000;250;9596136331;B
20240214;102209;7272.000000000;123;9596136332;B
20240214;102209;7272.000000000;27;9596136333;B
20240214;102211;7272.000000000;3;9596137180;B
20240214;102211;7272.000000000;1;9596137221;B
20240214;102213;7272.000000000;2;9596137857;B
20240214;102214;7272.000000000;10;9596138096;B
20240214;102214;7272.000000000;4;9596138097;B
20240214;102215;7272.000000000;3;9596138192;B
20240214;102215;7272.000000000;2;9596138193;B
20240214;102215;7272.000000000;1;9596138194;B
20240214;102215;7272.000000000;3;9596138195;B
20240214;102215;7272.500000000;1;9596138196;B
20240214;102215;7273.000000000;14;9596138197;B
20240214;102215;7273.000000000;1;9596138198;B
20240214;102218;7274.000000000;2;9596138777;B
20240214;102218;7274.000000000;1;9596138800;B
20240214;102220;7274.000000000;2;9596138962;B
20240214;102220;7274.000000000;1;9596138968;B
20240214;102225;7274.000000000;2;9596141364;B
20240214;102225;7274.000000000;1;9596141422;B
20240214;102227;7274.000000000;1;9596141841;B
20240214;102227;7274.000000000;3;9596141842;B
20240214;102228;7274.000000000;1;9596141939;B
20240214;102228;7275.000000000;7;9596141940;B
20240214;102229;7275.000000000;1;9596142164;B
20240214;102229;7275.000000000;1;9596142451;B
20240214;102233;7275.000000000;48;9596143595;B
20240214;102234;7275.000000000;4;9596143832;B
20240214;102235;7275.000000000;80;9596144527;B
20240214;102236;7274.500000000;4;9596144651;S
20240214;102237;7274.500000000;4;9596144805;S
20240214;102238;7275.000000000;69;9596145231;B
20240214;102240;7274.500000000;2;9596145907;S
20240214;102240;7274.500000000;10;9596145908;S
20240214;102240;7274.500000000;1;9596145909;S
20240214;102240;7274.500000000;1;9596145914;S
20240214;102240;7275.000000000;1;9596145923;B
20240214;102241;7275.000000000;1;9596146041;B
20240214;102245;7274.500000000;1;9596147236;S
20240214;102246;7275.000000000;2;9596147323;B
20240214;102246;7275.000000000;20;9596147414;B
20240214;102252;7275.000000000;16;9596149272;B
20240214;102252;7275.000000000;8;9596149273;B
20240214;102252;7275.000000000;1;9596149274;B
20240214;102252;7275.000000000;1;9596149275;B
20240214;102252;7275.000000000;1;9596149276;B
20240214;102300;7275.000000000;10;9596152221;S
20240214;102302;7275.000000000;1;9596153658;S
20240214;102303;7275.500000000;10;9596153827;B
20240214;102303;7276.000000000;5;9596153828;B
20240214;102303;7276.000000000;7;9596153830;S
20240214;102303;7276.000000000;3;9596153831;S
20240214;102303;7276.500000000;2;9596153839;B
20240214;102304;7276.500000000;5;9596154019;B
20240214;102307;7276.500000000;5;9596155130;B
20240214;102309;7276.500000000;1;9596155945;B
20240214;102309;7276.500000000;10;9596155990;B
20240214;102309;7276.500000000;5;9596155995;S
20240214;102309;7276.500000000;5;9596155996;S
20240214;102309;7276.500000000;10;9596155998;S
20240214;102309;7276.500000000;2;9596156058;S
20240214;102312;7276.500000000;1;9596156766;S
20240214;102315;7276.500000000;13;9596157813;S
20240214;102315;7276.500000000;30;9596157814;S
20240214;102315;7276.500000000;3;9596157815;S
20240214;102315;7276.500000000;7;9596157825;S
20240214;102315;7276.500000000;10;9596157826;S
20240214;102315;7276.500000000;20;9596157827;S
20240214;102315;7276.500000000;10;9596157828;S
20240214;102315;7276.500000000;3;9596157829;S
20240214;102317;7277.000000000;1;9596158688;B
20240214;102318;7277.000000000;2;9596159356;B
20240214;102320;7276.500000000;14;9596159996;S
20240214;102322;7276.500000000;3;9596160426;S
20240214;102322;7276.500000000;10;9596160427;S
20240214;102322;7276.500000000;10;9596160428;S
20240214;102322;7276.500000000;10;9596160429;S
20240214;102322;7276.500000000;11;9596160430;S
20240214;102324;7277.000000000;15;9596161409;B
20240214;102325;7276.500000000;1;9596161531;S
20240214;102327;7277.000000000;1;9596162004;B
20240214;102328;7277.000000000;1;9596162153;B
20240214;102328;7277.000000000;5;9596162154;B
20240214;102341;7277.000000000;5;9596168067;B
20240214;102341;7277.000000000;1;9596168247;B
20240214;102343;7277.000000000;5;9596168545;B
20240214;102347;7277.000000000;1;9596169943;B
20240214;102349;7277.000000000;5;9596171352;B
20240214;102351;7277.000000000;5;9596172055;B
20240214;102354;7277.000000000;2;9596172996;B
20240214;102355;7277.000000000;1;9596173449;B
20240214;102407;7277.000000000;2;9596177211;B
20240214;102409;7277.000000000;1;9596177661;B
20240214;102417;7277.000000000;1;9596180615;B
20240214;102417;7277.000000000;2;9596180616;B
20240214;102419;7277.000000000;1;9596181009;B
20240214;102422;7276.500000000;18;9596181972;S
20240214;102422;7276.500000000;12;9596181973;S
20240214;102422;7276.500000000;1;9596181974;S
20240214;102422;7276.500000000;10;9596181975;S
20240214;102422;7276.000000000;10;9596181976;S
20240214;102422;7276.000000000;30;9596181977;S
20240214;102422;7276.000000000;10;9596181978;S
20240214;102422;7276.000000000;15;9596181979;S
20240214;102422;7275.500000000;1;9596181980;S
20240214;102422;7275.500000000;10;9596181981;S
20240214;102422;7275.000000000;5;9596181982;S
20240214;102422;7275.000000000;100;9596181983;S
20240214;102422;7275.000000000;32;9596181984;S
20240214;102426;7276.000000000;1;9596183446;B
20240214;102426;7276.000000000;3;9596183489;B
20240214;102428;7277.000000000;7;9596184561;B
20240214;102431;7276.500000000;1;9596185125;B
20240214;102431;7276.500000000;1;9596185177;B
20240214;102435;7276.000000000;19;9596186628;B
20240214;102436;7275.000000000;7;9596186754;S
20240214;102443;7275.500000000;1;9596189599;B
20240214;102446;7275.500000000;2;9596190501;B
20240214;102449;7275.000000000;2;9596191594;S
20240214;102449;7275.000000000;1;9596191595;S
20240214;102449;7275.000000000;4;9596191596;S
20240214;102449;7275.000000000;1;9596192094;S
20240214;102450;7275.000000000;1;9596192345;S
20240214;102453;7275.000000000;1;9596193704;S
20240214;102500;7275.000000000;11;9596195382;S
20240214;102500;7275.500000000;1;9596195418;B
20240214;102501;7275.500000000;11;9596196055;B
20240214;102501;7275.500000000;3;9596196056;B
20240214;102502;7275.000000000;43;9596196191;S
20240214;102505;7275.000000000;2;9596196600;S
20240214;102505;7275.000000000;2;9596196613;S
20240214;102505;7275.000000000;2;9596196631;S
20240214;102505;7275.000000000;1;9596196644;S
20240214;102505;7275.000000000;1;9596196662;S
20240214;102505;7275.000000000;1;9596196982;S
20240214;102505;7275.000000000;1;9596196987;S
20240214;102505;7275.000000000;1;9596197014;S
20240214;102505;7275.000000000;3;9596197025;S
20240214;102506;7275.000000000;11;9596197044;S
20240214;102506;7275.000000000;2;9596197076;S
20240214;102510;7275.500000000;17;9596198586;B
20240214;102519;7275.500000000;1;9596201279;B
20240214;102521;7275.000000000;370;9596202551;S
20240214;102522;7275.500000000;6;9596203001;B
20240214;102524;7275.500000000;6;9596203327;B
20240214;102524;7275.000000000;2;9596203349;S
20240214;102524;7275.500000000;8;9596203367;B
20240214;102533;7275.500000000;12;9596205813;B
20240214;102533;7275.500000000;4;9596205822;B
20240214;102534;7275.500000000;7;9596206542;B
20240214;102534;7275.500000000;14;9596206622;B
20240214;102535;7275.000000000;10;9596207261;S
20240214;102541;7275.500000000;7;9596209493;B
20240214;102543;7275.000000000;10;9596209829;S
20240214;102544;7275.000000000;200;9596209864;S
20240214;102544;7275.000000000;34;9596209865;S
20240214;102547;7275.000000000;1;9596210632;S
20240214;102547;7275.000000000;1;9596210633;S
20240214;102547;7275.000000000;1;9596210634;S
20240214;102547;7275.000000000;4;9596210635;S
20240214;102548;7275.500000000;1;9596211263;B
20240214;102549;7275.500000000;1;9596211364;B
20240214;102551;7275.000000000;1;9596212038;S
20240214;102551;7275.500000000;3;9596212044;B
20240214;102551;7275.500000000;1;9596212045;B
20240214;102552;7275.000000000;2;9596212283;S
20240214;102552;7275.500000000;1;9596212293;B
20240214;102554;7275.500000000;1;9596212808;B
20240214;102556;7275.500000000;2;9596213745;B
20240214;102558;7275.500000000;3;9596213994;B
20240214;102602;7275.500000000;1;9596214881;B
20240214;102612;7275.500000000;2;9596217718;B
20240214;102612;7275.000000000;2;9596217720;S
20240214;102612;7275.000000000;1;9596217721;S
20240214;102612;7275.000000000;1;9596217722;S
20240214;102612;7275.000000000;10;9596217723;S
20240214;102612;7275.000000000;4;9596217724;S
20240214;102612;7275.000000000;18;9596217725;S
20240214;102612;7275.000000000;1;9596217726;S
20240214;102612;7275.000000000;43;9596217727;S
20240214;102615;7275.500000000;1;9596219750;B
20240214;102617;7275.500000000;12;9596219998;B
20240214;102619;7275.500000000;1;9596220662;B
20240214;102620;7275.000000000;1;9596220909;S
20240214;102622;7275.000000000;1;9596221291;S
20240214;102622;7275.500000000;1;9596221775;B
20240214;102622;7275.500000000;1;9596221813;B
20240214;102623;7275.500000000;1;9596221967;B
20240214;102629;7275.500000000;15;9596224167;B
20240214;102630;7275.500000000;1;9596224296;B
20240214;102632;7275.500000000;1;9596225068;B
20240214;102633;7275.500000000;1;9596225120;B
20240214;102633;7275.500000000;3;9596225179;B
20240214;102634;7275.000000000;7;9596225340;S
20240214;102634;7275.500000000;1;9596225475;B
20240214;102635;7275.500000000;1;9596225646;B
20240214;102636;7275.500000000;7;9596225745;B
20240214;102638;7275.500000000;20;9596226082;B
20240214;102639;7275.500000000;1;9596226406;B
20240214;102642;7275.500000000;1;9596226859;B
20240214;102644;7275.000000000;60;9596228196;S
20240214;102644;7275.000000000;4;9596228233;S
20240214;102644;7275.000000000;4;9596228234;S
20240214;102644;7275.000000000;1;9596228235;S
20240214;102644;7275.000000000;51;9596228236;S
20240214;102644;7275.500000000;13;9596228273;B
20240214;102645;7275.500000000;2;9596228406;B
20240214;102645;7275.500000000;1;9596228409;B
20240214;102646;7275.000000000;49;9596228446;S
20240214;102646;7275.000000000;5;9596228447;S
20240214;102646;7275.000000000;6;9596228448;S
20240214;102646;7275.000000000;4;9596228477;S
20240214;102646;7274.500000000;1;9596228478;S
20240214;102646;7274.500000000;55;9596228479;S
20240214;102646;7274.500000000;68;9596228581;S
20240214;102647;7274.500000000;60;9596228655;S
20240214;102647;7274.500000000;60;9596228687;S
20240214;102648;7274.500000000;60;9596229769;S
20240214;102648;7274.500000000;12;9596229836;S
20240214;102649;7275.000000000;14;9596230552;B
20240214;102649;7275.000000000;1;9596230559;B
20240214;102649;7274.500000000;80;9596230578;S
20240214;102649;7274.500000000;1;9596230579;S
20240214;102649;7274.500000000;2;9596230580;S
20240214;102649;7274.500000000;1;9596230581;S
20240214;102649;7274.500000000;5;9596230582;S
20240214;102649;7274.000000000;50;9596230583;S
20240214;102649;7274.000000000;10;9596230584;S
20240214;102652;7274.000000000;1;9596231532;B
20240214;102657;7272.500000000;1;9596232356;S
20240214;102700;7273.500000000;15;9596233189;B
20240214;102700;7273.500000000;20;9596233190;B
20240214;102700;7273.500000000;10;9596233191;B
20240214;102700;7274.000000000;25;9596233192;B
20240214;102704;7273.500000000;1;9596234853;B
20240214;102705;7273.500000000;2;9596234929;B
20240214;102710;7273.500000000;1;9596236194;B
20240214;102710;7273.500000000;5;9596236205;B
20240214;102712;7273.000000000;1;9596236932;S
20240214;102712;7273.500000000;3;9596236948;B
20240214;102714;7273.500000000;1;9596237208;B
20240214;102717;7273.500000000;20;9596237863;B
20240214;102724;7273.500000000;10;9596241068;B
20240214;102730;7273.000000000;5;9596243155;S
20240214;102732;7273.000000000;34;9596244802;S
20240214;102732;7273.000000000;20;9596244803;S
20240214;102732;7272.500000000;24;9596244804;S
20240214;102732;7272.500000000;5;9596244805;S
20240214;102732;7272.500000000;5;9596244806;S
20240214;102732;7272.500000000;1;9596244807;S
20240214;102732;7272.500000000;10;9596244808;S
20240214;102732;7272.000000000;15;9596244809;S
20240214;102732;7272.000000000;1;9596244810;S
20240214;102732;7272.000000000;2;9596244811;S
20240214;102732;7271.000000000;1;9596244812;S
20240214;102732;7271.000000000;8;9596244813;S
20240214;102732;7271.000000000;60;9596244814;S
20240214;102732;7270.500000000;2;9596244815;S
20240214;102732;7270.500000000;24;9596244816;S
20240214;102732;7270.000000000;1;9596244817;S
20240214;102732;7270.000000000;46;9596244818;S
20240214;102732;7271.000000000;1;9596244891;S
20240214;102737;7272.500000000;5;9596245796;B
20240214;102739;7272.500000000;1;9596246263;B
20240214;102742;7271.000000000;1;9596247120;S
20240214;102742;7271.000000000;9;9596247121;S
20240214;102744;7272.500000000;1;9596247495;B
20240214;102746;7270.500000000;1;9596247908;S
20240214;102747;7272.500000000;2;9596248420;B
20240214;102750;7272.500000000;1;9596250103;B
20240214;102752;7270.500000000;9;9596251114;S
20240214;102752;7270.500000000;15;9596251115;S
20240214;102753;7270.500000000;1;9596251240;B
20240214;102756;7270.500000000;1;9596251829;B
20240214;102759;7270.500000000;10;9596253157;B
20240214;102800;7270.000000000;1;9596253464;S
20240214;102800;7270.500000000;14;9596253466;B
20240214;102800;7271.500000000;10;9596253468;B
20240214;102800;7272.500000000;6;9596253470;B
20240214;102801;7270.000000000;3;9596254131;S
20240214;102801;7270.000000000;10;9596254132;S
20240214;102801;7270.000000000;37;9596254133;S
20240214;102801;7272.500000000;20;9596254212;B
20240214;102804;7270.000000000;2;9596255399;S
20240214;102809;7271.000000000;3;9596256958;B
20240214;102809;7272.000000000;2;9596256959;B
20240214;102813;7270.000000000;50;9596258422;S
20240214;102813;7272.000000000;1;9596258435;B
20240214;102815;7272.000000000;1;9596259014;B
20240214;102816;7270.000000000;1;9596259075;S
20240214;102816;7271.500000000;21;9596259719;B
20240214;102817;7271.000000000;1;9596259768;S
20240214;102817;7270.000000000;2;9596259769;S
20240214;102819;7270.500000000;1;9596260055;S
20240214;102822;7271.000000000;3;9596260540;B
20240214;102822;7270.500000000;10;9596260553;B
20240214;102823;7270.000000000;3;9596260642;S
20240214;102823;7270.500000000;5;9596260686;B
20240214;102823;7270.500000000;1;9596260687;B
20240214;102824;7270.500000000;2;9596261278;S
20240214;102825;7271.000000000;1;9596262179;B
20240214;102826;7271.000000000;1;9596262226;B
20240214;102826;7271.000000000;19;9596262284;B
20240214;102826;7271.500000000;42;9596262285;B
20240214;102826;7271.500000000;1;9596262286;B
20240214;102826;7271.500000000;10;9596262287;B
20240214;102826;7272.000000000;2;9596262288;B
20240214;102826;7272.000000000;200;9596262289;B
20240214;102826;7272.000000000;21;9596262290;B
20240214;102826;7272.500000000;2;9596262291;B
20240214;102831;7272.000000000;1;9596263140;S
20240214;102831;7272.000000000;20;9596263162;S
20240214;102838;7272.000000000;500;9596264846;S
20240214;102843;7272.500000000;23;9596266093;B
20240214;102844;7272.000000000;287;9596266729;S
20240214;102844;7272.000000000;13;9596266730;S
20240214;102845;7272.000000000;5;9596267522;B
20240214;102846;7272.000000000;1;9596267621;B
20240214;102848;7271.500000000;1;9596268128;S
20240214;102848;7271.000000000;1;9596268129;S
20240214;102853;7272.000000000;2;9596269281;B
20240214;102853;7272.000000000;1;9596269284;B
20240214;102855;7272.000000000;1;9596269599;B
20240214;102904;7271.500000000;2;9596277761;B
20240214;102911;7271.500000000;3;9596283795;B
20240214;102911;7272.000000000;10;9596284004;B
20240214;102911;7272.000000000;5;9596284005;B
20240214;102914;7272.000000000;1;9596286221;B
20240214;102914;7272.000000000;1;9596286235;B
20240214;102924;7271.000000000;2;9596293890;S
20240214;102924;7271.000000000;1;9596293891;S
20240214;102925;7270.500000000;6;9596294786;S
20240214;102931;7270.000000000;372;9596298998;S
20240214;102931;7270.000000000;14;9596298999;S
20240214;102931;7270.000000000;2;9596299000;S
20240214;102931;7270.000000000;1;9596299001;S
20240214;102931;7270.000000000;10;9596299002;S
20240214;102931;7270.000000000;1;9596299003;S
20240214;102931;7270.000000000;1;9596299004;S
20240214;102931;7270.000000000;5;9596299005;S
20240214;102931;7270.000000000;5;9596299006;S
20240214;102931;7270.000000000;1;9596299007;S
20240214;102931;7270.000000000;1;9596299008;S
20240214;102931;7270.000000000;1;9596299009;S
20240214;102931;7270.000000000;1;9596299010;S
20240214;102931;7270.000000000;1;9596299011;S
20240214;102931;7270.000000000;1;9596299012;S
20240214;102931;7270.000000000;1;9596299013;S
20240214;102931;7270.000000000;1;9596299014;S
20240214;102931;7270.000000000;1;9596299015;S
20240214;102931;7270.000000000;2;9596299016;S
20240214;102931;7270.000000000;1;9596299017;S
20240214;102931;7270.000000000;1;9596299018;S
20240214;102931;7270.000000000;1;9596299019;S
20240214;102931;7270.000000000;1;9596299020;S
20240214;102931;7270.000000000;1;9596299021;S
20240214;102931;7270.000000000;2;9596299022;S
20240214;102931;7270.000000000;3;9596299023;S
20240214;102931;7270.000000000;1;9596299024;S
20240214;102931;7270.000000000;2;9596299025;S
20240214;102931;7270.000000000;1;9596299026;S
20240214;102931;7270.000000000;1;9596299027;S
20240214;102931;7270.000000000;5;9596299028;S
20240214;102931;7270.000000000;1;9596299029;S
20240214;102931;7270.000000000;13;9596299030;S
20240214;102931;7270.000000000;6;9596299031;S
20240214;102931;7270.000000000;6;9596299032;S
20240214;102931;7270.000000000;21;9596299033;S
20240214;102931;7270.000000000;10;9596299034;S
20240214;102931;7270.000000000;1;9596299035;S
20240214;102931;7269.500000000;25;9596299036;S
20240214;102931;7269.000000000;2;9596299038;S
20240214;102931;7269.000000000;60;9596299039;S
20240214;102931;7269.000000000;40;9596299040;S
20240214;102931;7269.000000000;5;9596299041;S
20240214;102931;7269.000000000;12;9596299042;S
20240214;102931;7269.000000000;300;9596299043;S
20240214;102931;7269.000000000;3;9596299044;S
20240214;102931;7269.000000000;40;9596299045;S
20240214;102931;7269.000000000;1;9596299046;S
20240214;102931;7268.500000000;1;9596299047;S
20240214;102931;7268.500000000;3;9596299048;S
20240214;102931;7268.500000000;1;9596299049;S
20240214;102931;7268.500000000;5;9596299050;S
20240214;102931;7268.500000000;1;9596299051;S
20240214;102931;7268.000000000;5;9596299052;S
20240214;102931;7268.000000000;5;9596299053;S
20240214;102931;7268.000000000;3;9596299054;S
20240214;102931;7268.000000000;3;9596299055;S
20240214;102931;7268.000000000;11;9596299056;S
20240214;102931;7268.000000000;30;9596299057;S
20240214;102931;7268.000000000;11;9596299058;S
20240214;102931;7268.000000000;74;9596299059;S
20240214;102931;7268.000000000;21;9596299060;S
20240214;102931;7267.500000000;1;9596299069;B
20240214;102931;7267.500000000;1;9596299079;B
20240214;102931;7267.500000000;1;9596299084;B
20240214;102931;7267.500000000;1;9596299085;B
20240214;102931;7267.500000000;1;9596299086;B
20240214;102931;7267.500000000;1;9596299093;B
20240214;102931;7267.500000000;2;9596299105;B
20240214;102931;7267.500000000;1;9596299114;B
20240214;102931;7267.500000000;1;9596299118;B
20240214;102931;7267.500000000;1;9596299125;B
20240214;102931;7267.500000000;3;9596299126;B
20240214;102931;7267.500000000;1;9596299131;B
20240214;102931;7267.500000000;2;9596299132;B
20240214;102931;7267.500000000;1;9596299133;B
20240214;102931;7267.500000000;1;9596299135;B
20240214;102931;7267.500000000;1;9596299136;B
20240214;102931;7267.500000000;1;9596299137;B
20240214;102931;7267.500000000;1;9596299143;B
20240214;102931;7267.500000000;2;9596299144;B
20240214;102931;7267.500000000;1;9596299154;B
20240214;102931;7267.500000000;1;9596299159;B
20240214;102931;7267.500000000;3;9596299163;B
20240214;102931;7267.500000000;1;9596299210;B
20240214;102931;7267.500000000;2;9596299219;B
20240214;102931;7267.500000000;1;9596299261;B
20240214;102931;7267.500000000;1;9596299269;B
20240214;102931;7267.500000000;1;9596299276;B
20240214;102931;7267.500000000;1;9596299280;B
20240214;102931;7267.500000000;2;9596299284;B
20240214;102931;7267.500000000;1;9596299291;B
20240214;102931;7267.500000000;1;9596299292;B
20240214;102931;7267.500000000;3;9596299293;B
20240214;102931;7267.500000000;1;9596299306;B
20240214;102931;7267.500000000;2;9596299307;B
20240214;102931;7267.500000000;1;9596299308;B
20240214;102931;7267.500000000;1;9596299309;B
20240214;102931;7267.500000000;1;9596299310;B
20240214;102931;7267.500000000;2;9596299311;B
20240214;102931;7267.500000000;1;9596299312;B
20240214;102931;7267.500000000;1;9596299315;B
20240214;102931;7267.500000000;3;9596299319;B
20240214;102931;7267.500000000;1;9596299320;B
20240214;102931;7267.500000000;2;9596299321;B
20240214;102931;7267.500000000;1;9596299322;B
20240214;102931;7267.500000000;1;9596299323;B
20240214;102931;7267.500000000;1;9596299324;B
20240214;102931;7267.500000000;2;9596299327;B
20240214;102931;7267.500000000;1;9596299329;B
20240214;102931;7267.500000000;1;9596299330;B
20240214;102931;7267.500000000;3;9596299331;B
20240214;102931;7267.500000000;2;9596299332;B
20240214;102931;7267.500000000;1;9596299333;B
20240214;102931;7267.500000000;1;9596299337;B
20240214;102931;7267.500000000;1;9596299338;B
20240214;102931;7267.500000000;2;9596299347;B
20240214;102931;7267.500000000;1;9596299358;B
20240214;102931;7267.500000000;1;9596299362;B
20240214;102931;7267.500000000;3;9596299366;B
20240214;102931;7267.500000000;1;9596299370;B
20240214;102931;7267.500000000;1;9596299374;B
20240214;102931;7267.500000000;1;9596299402;B
20240214;102931;7267.500000000;1;9596299425;B
20240214;102931;7267.500000000;1;9596299435;B
20240214;102931;7267.500000000;1;9596299445;B
20240214;102931;7267.500000000;3;9596299449;B
20240214;102931;7267.500000000;1;9596299453;B
20240214;102931;7267.500000000;1;9596299512;B
20240214;102931;7267.500000000;3;9596299543;B
20240214;102931;7267.500000000;1;9596299550;B
20240214;102931;7267.500000000;1;9596299571;B
20240214;102931;7267.500000000;1;9596299577;B
20240214;102933;7267.500000000;3;9596300933;B
20240214;102933;7267.500000000;50;9596300934;B
20240214;102933;7267.500000000;11;9596300935;B
20240214;102933;7268.000000000;11;9596300936;B
20240214;102933;7268.000000000;50;9596300937;B
20240214;102933;7268.000000000;50;9596300938;B
20240214;102933;7268.000000000;20;9596300939;B
20240214;102933;7268.500000000;11;9596300940;B
20240214;102933;7268.500000000;50;9596300941;B
20240214;102933;7269.000000000;50;9596300942;B
20240214;102933;7269.000000000;10;9596300943;B
20240214;102933;7269.500000000;45;9596300944;B
20240214;102935;7269.000000000;3;9596301986;B
20240214;102935;7268.500000000;1;9596302339;B
20240214;102936;7269.500000000;20;9596302632;B
20240214;102936;7269.500000000;42;9596302633;B
20240214;102936;7270.000000000;50;9596302634;B
20240214;102936;7270.000000000;11;9596302635;B
20240214;102936;7270.000000000;22;9596302636;B
20240214;102936;7270.000000000;10;9596302637;B
20240214;102936;7270.000000000;5;9596302638;B
20240214;102936;7270.500000000;11;9596302639;B
20240214;102936;7270.500000000;1;9596302640;S
20240214;102937;7270.500000000;1;9596303470;S
20240214;102938;7271.000000000;1;9596304579;B
20240214;102949;7270.500000000;114;9596311772;S
20240214;102949;7271.000000000;2;9596311973;B
20240214;102949;7270.500000000;53;9596312180;S
20240214;102953;7271.000000000;1;9596314843;B
20240214;103000;7271.000000000;2;9596319208;B
20240214;103001;7271.000000000;1;9596320076;B
20240214;103002;7270.500000000;247;9596320670;S
20240214;103004;7270.500000000;1;9596322620;S
20240214;103005;7271.000000000;1;9596323155;B
20240214;103005;7271.000000000;1;9596323156;B
20240214;103005;7271.000000000;1;9596323504;B
20240214;103008;7271.000000000;1;9596325837;B
20240214;103008;7271.000000000;1;9596325838;B
20240214;103008;7271.000000000;1;9596325839;B
20240214;103008;7271.000000000;1;9596325840;B
20240214;103008;7271.000000000;5;9596325841;B
20240214;103008;7271.000000000;1;9596325842;B
20240214;103008;7271.000000000;1;9596325843;B
20240214;103008;7271.000000000;1;9596325844;B
20240214;103008;7271.000000000;4;9596325845;B
20240214;103009;7270.500000000;2;9596326747;S
20240214;103012;7271.000000000;2;9596328493;B
20240214;103012;7270.500000000;6;9596328918;S
20240214;103013;7270.500000000;1;9596329602;S
20240214;103013;7271.000000000;1;9596330084;B
20240214;103014;7270.500000000;14;9596330742;S
20240214;103017;7271.000000000;1;9596332763;B
20240214;103019;7270.500000000;1;9596334241;S
20240214;103019;7271.000000000;6;9596334535;B
20240214;103019;7271.000000000;1;9596334890;B
20240214;103022;7271.000000000;4;9596336994;B
20240214;103025;7271.000000000;30;9596339811;B
20240214;103029;7271.000000000;1;9596342756;B
20240214;103029;7271.000000000;11;9596342757;B
20240214;103034;7271.000000000;1;9596346972;B
20240214;103037;7271.000000000;3;9596349502;B
20240214;103038;7271.000000000;1;9596350096;B
20240214;103039;7271.000000000;1;9596350904;B
20240214;103041;7271.000000000;1;9596352754;B
20240214;103042;7270.500000000;52;9596353422;S
20240214;103042;7271.000000000;5;9596353716;B
20240214;103042;7271.000000000;1;9596353717;B
20240214;103043;7270.500000000;1;9596354807;S
20240214;103046;7271.000000000;9;9596356863;B
20240214;103048;7271.000000000;3;9596358540;B
20240214;103049;7271.000000000;3;9596359125;B
20240214;103049;7271.000000000;16;9596359126;B
20240214;103049;7271.000000000;5;9596359127;B
20240214;103049;7271.000000000;34;9596359128;B
20240214;103049;7271.000000000;20;9596359129;B
20240214;103052;7271.000000000;1;9596361229;S
20240214;103054;7271.000000000;14;9596363557;S
20240214;103100;7271.500000000;10;9596368648;B
20240214;103100;7271.500000000;1;9596368910;B
20240214;103101;7271.500000000;1;9596369238;B
20240214;103105;7271.000000000;3;9596373096;S
20240214;103106;7271.500000000;3;9596374080;B
20240214;103111;7271.500000000;3;9596377671;B
20240214;103124;7271.000000000;1;9596389269;S
20240214;103124;7271.000000000;1;9596389281;S
20240214;103124;7271.000000000;1;9596389282;S
20240214;103128;7271.500000000;1;9596391854;B
20240214;103128;7271.500000000;4;9596391874;B
20240214;103130;7271.000000000;57;9596393860;S
20240214;103130;7271.000000000;43;9596393861;S
20240214;103134;7271.000000000;20;9596396957;S
20240214;103134;7271.000000000;5;9596397042;S
20240214;103134;7271.000000000;1;9596397043;S
20240214;103142;7270.500000000;2;9596404135;S
20240214;103143;7270.500000000;1;9596405052;S
20240214;103147;7271.000000000;10;9596408154;B
20240214;103147;7271.000000000;7;9596408155;B
20240214;103147;7271.000000000;1;9596408439;B
20240214;103149;7271.000000000;3;9596409744;B
20240214;103149;7271.000000000;34;9596409745;B
20240214;103149;7271.000000000;50;9596409746;B
20240214;103149;7271.000000000;13;9596409747;B
20240214;103149;7271.000000000;1;9596409955;B
20240214;103159;7270.500000000;144;9596417751;S
20240214;103159;7270.500000000;1;9596417752;S
20240214;103203;7271.000000000;13;9596421566;B
20240214;103203;7271.000000000;1;9596421896;B
20240214;103209;7271.000000000;1;9596426840;B
20240214;103210;7271.000000000;2;9596427685;B
20240214;103210;7271.000000000;3;9596427706;B
20240214;103213;7271.000000000;1;9596429896;B
20240214;103226;7271.000000000;1;9596440424;B
20240214;103226;7271.000000000;4;9596440455;B
20240214;103228;7270.500000000;30;9596442164;S
20240214;103234;7271.000000000;37;9596446229;B
20240214;103234;7271.000000000;11;9596446230;B
20240214;103234;7271.000000000;15;9596446231;B
20240214;103234;7271.000000000;2;9596446232;B
20240214;103234;7271.000000000;2;9596446233;B
20240214;103234;7271.000000000;1;9596446234;B
20240214;103234;7271.000000000;20;9596446235;B
20240214;103234;7271.000000000;34;9596446236;B
20240214;103234;7271.000000000;2;9596446237;B
20240214;103234;7271.500000000;39;9596446238;B
20240214;103234;7271.500000000;11;9596446239;B
20240214;103234;7271.500000000;150;9596446240;B
20240214;103234;7271.500000000;10;9596446241;B
20240214;103234;7272.000000000;46;9596446242;B
20240214;103234;7272.000000000;20;9596446243;B
20240214;103234;7272.000000000;11;9596446244;B
20240214;103234;7272.000000000;270;9596446245;B
20240214;103237;7272.000000000;5;9596447964;S
20240214;103241;7272.000000000;1;9596450671;S
20240214;103244;7272.000000000;200;9596453222;S
20240214;103249;7272.000000000;200;9596456511;S
20240214;103250;7272.500000000;2;9596457126;B
20240214;103250;7272.500000000;3;9596457127;B
20240214;103250;7272.500000000;1;9596457128;B
