<DATE>;<TIME>;<LAST>;<VOL>;<ID>;<OPER>
20240117;095958;6859.500000000;1;9411039487;B
20240117;095958;6859.500000000;1;9411039488;B
20240117;095958;6859.500000000;1;9411039489;B
20240117;095958;6859.500000000;2;9411039490;B
20240117;095958;6859.500000000;5;9411039491;B
20240117;095958;6859.500000000;22;9411039492;B
20240117;095958;6859.500000000;10;9411039493;S
20240117;095958;6859.500000000;22;9411039494;S
20240117;095958;6859.500000000;1;9411039495;S
20240117;095958;6859.500000000;25;9411039496;S
20240117;095958;6859.500000000;1;9411039497;B
20240117;095958;6859.500000000;15;9411039498;S
20240117;095958;6859.500000000;70;9411039499;S
20240117;095958;6859.500000000;73;9411039500;S
20240117;095958;6859.500000000;1;9411039501;S
20240117;095958;6859.500000000;1;9411039502;S
20240117;095958;6859.500000000;5;9411039503;S
20240117;095958;6859.500000000;1;9411039504;S
20240117;095958;6859.500000000;1;9411039505;S
20240117;095958;6859.500000000;1;9411039506;S
20240117;095958;6859.500000000;10;9411039507;S
20240117;095958;6859.500000000;1;9411039508;S
20240117;095958;6859.500000000;1;9411039509;S
20240117;095958;6859.500000000;2;9411039510;S
20240117;095958;6859.500000000;5;9411039511;S
20240117;095958;6859.500000000;1;9411039512;S
20240117;095958;6859.500000000;18;9411039513;S
20240117;095958;6859.500000000;11;9411039514;B
20240117;095958;6859.500000000;1;9411039515;B
20240117;095958;6859.500000000;1;9411039516;B
20240117;095958;6859.500000000;2;9411039517;B
20240117;095958;6859.500000000;1;9411039518;B
20240117;095958;6859.500000000;35;9411039519;B
20240117;095958;6859.500000000;5;9411039520;S
20240117;095958;6859.500000000;1;9411039521;B
20240117;095958;6859.500000000;3;9411039522;B
20240117;095958;6859.500000000;2;9411039523;B
20240117;095958;6859.500000000;4;9411039524;B
20240117;095958;6859.500000000;6;9411039525;B
20240117;095958;6859.500000000;3;9411039526;B
20240117;095958;6859.500000000;1;9411039527;B
20240117;095958;6859.500000000;1;9411039528;B
20240117;095958;6859.500000000;4;9411039529;B
20240117;095958;6859.500000000;11;9411039530;B
20240117;095958;6859.500000000;5;9411039531;B
20240117;095958;6859.500000000;1;9411039532;B
20240117;095958;6859.500000000;1;9411039533;B
20240117;095958;6859.500000000;5;9411039534;B
20240117;095958;6859.500000000;1;9411039535;B
20240117;095958;6859.500000000;13;9411039536;S
20240117;095958;6859.500000000;31;9411039537;B
20240117;095958;6859.500000000;2;9411039538;B
20240117;095958;6859.500000000;1;9411039539;B
20240117;095958;6859.500000000;10;9411039540;B
20240117;095958;6859.500000000;1;9411039541;B
20240117;095958;6859.500000000;1;9411039542;B
20240117;095958;6859.500000000;1;9411039543;B
20240117;095958;6859.500000000;3;9411039544;B
20240117;095958;6859.500000000;1;9411039545;B
20240117;095958;6859.500000000;5;9411039546;B
20240117;095958;6859.500000000;1;9411039547;B
20240117;095958;6859.500000000;3;9411039548;B
20240117;095958;6859.500000000;141;9411039549;B
20240117;095958;6859.500000000;2;9411039550;B
20240117;095958;6859.500000000;57;9411039551;S
20240117;095958;6859.500000000;1;9411039552;B
20240117;100000;6859.000000000;5;9411039784;S
20240117;100000;6859.000000000;2;9411039785;S
20240117;100000;6858.500000000;10;9411040048;B
20240117;100000;6858.500000000;90;9411040049;B
20240117;100000;6858.500000000;36;9411040079;B
20240117;100000;6859.000000000;23;9411040080;B
20240117;100000;6859.000000000;10;9411040081;B
20240117;100000;6859.000000000;10;9411040082;B
20240117;100000;6859.000000000;21;9411040083;B
20240117;100000;6859.000000000;9;9411040102;B
20240117;100000;6859.000000000;30;9411040103;B
20240117;100000;6859.500000000;42;9411040104;B
20240117;100000;6859.500000000;5;9411040105;B
20240117;100000;6859.500000000;1;9411040106;B
20240117;100000;6859.500000000;10;9411040107;B
20240117;100000;6859.500000000;3;9411040108;B
20240117;100000;6859.500000000;7;9411040118;B
20240117;100000;6859.500000000;10;9411040119;B
20240117;100000;6859.500000000;10;9411040120;B
20240117;100000;6860.000000000;11;9411040121;B
20240117;100000;6860.500000000;1;9411040122;B
20240117;100000;6860.500000000;11;9411040123;B
20240117;100000;6861.000000000;10;9411040124;B
20240117;100000;6861.000000000;11;9411040125;B
20240117;100000;6862.000000000;8;9411040126;B
20240117;100000;6863.000000000;1;9411040127;B
20240117;100000;6863.000000000;3;9411040128;B
20240117;100000;6865.000000000;1;9411040129;B
20240117;100000;6865.000000000;10;9411040130;B
20240117;100000;6865.500000000;6;9411040131;B
20240117;100000;6859.500000000;90;9411040183;B
20240117;100000;6859.500000000;10;9411040184;B
20240117;100000;6858.000000000;1;9411040186;S
20240117;100000;6858.000000000;19;9411040191;B
20240117;100000;6858.000000000;10;9411040192;B
20240117;100000;6858.000000000;10;9411040193;B
20240117;100000;6858.000000000;10;9411040194;B
20240117;100000;6859.500000000;10;9411040235;B
20240117;100000;6859.500000000;10;9411040236;B
20240117;100000;6859.500000000;10;9411040237;B
20240117;100000;6858.500000000;2;9411040242;S
20240117;100000;6858.000000000;4;9411040243;S
20240117;100000;6859.500000000;10;9411040244;B
20240117;100000;6859.500000000;10;9411040245;B
20240117;100000;6859.500000000;2;9411040246;B
20240117;100000;6859.500000000;10;9411040247;B
20240117;100000;6859.500000000;10;9411040248;B
20240117;100000;6859.500000000;10;9411040249;B
20240117;100000;6859.500000000;8;9411040251;B
20240117;100000;6859.500000000;10;9411040255;B
20240117;100000;6859.000000000;10;9411040322;B
20240117;100000;6858.000000000;1;9411040580;S
20240117;100001;6857.500000000;5;9411040720;S
20240117;100001;6857.500000000;11;9411040721;S
20240117;100001;6857.500000000;9;9411040722;S
20240117;100001;6857.500000000;3;9411040723;S
20240117;100001;6857.500000000;22;9411040724;S
20240117;100001;6857.500000000;1;9411040975;B
20240117;100001;6857.000000000;20;9411041075;S
20240117;100001;6857.500000000;10;9411041234;B
20240117;100004;6858.000000000;1;9411043405;B
20240117;100004;6858.000000000;10;9411043407;B
20240117;100005;6857.500000000;1;9411043644;B
20240117;100005;6857.000000000;1;9411043944;S
20240117;100005;6858.000000000;1;9411044446;B
20240117;100005;6858.000000000;3;9411044449;B
20240117;100005;6857.000000000;8;9411044710;S
20240117;100005;6857.000000000;1;9411044716;S
20240117;100005;6857.000000000;1;9411044717;S
20240117;100005;6857.000000000;3;9411044718;S
20240117;100005;6857.000000000;1;9411044719;S
20240117;100005;6857.000000000;3;9411044720;S
20240117;100005;6858.000000000;1;9411044722;B
20240117;100005;6857.000000000;1;9411045187;S
20240117;100005;6857.000000000;1;9411045188;S
20240117;100005;6857.000000000;8;9411045189;S
20240117;100005;6857.000000000;10;9411045190;S
20240117;100006;6857.000000000;1;9411045893;S
20240117;100006;6857.000000000;2;9411045894;S
20240117;100006;6857.000000000;1;9411045895;S
20240117;100006;6857.000000000;5;9411045896;S
20240117;100006;6857.000000000;1;9411045897;S
20240117;100006;6855.500000000;10;9411045902;S
20240117;100006;6855.500000000;10;9411045903;S
20240117;100006;6855.000000000;1;9411046140;S
20240117;100006;6855.000000000;1;9411046141;S
20240117;100006;6855.000000000;3;9411046142;S
20240117;100006;6855.000000000;5;9411046143;S
20240117;100006;6855.000000000;30;9411046144;S
20240117;100006;6855.500000000;1;9411046352;B
20240117;100007;6855.000000000;15;9411046832;S
20240117;100008;6855.000000000;1;9411047731;S
20240117;100010;6855.000000000;10;9411048258;S
20240117;100010;6855.000000000;4;9411048263;S
20240117;100010;6855.000000000;1;9411048264;S
20240117;100010;6855.000000000;1;9411048265;S
20240117;100010;6855.000000000;2;9411048282;B
20240117;100010;6855.000000000;1;9411048381;B
20240117;100010;6855.000000000;1;9411048419;B
20240117;100010;6854.000000000;5;9411048480;B
20240117;100010;6854.000000000;3;9411048600;B
20240117;100010;6854.000000000;2;9411048637;B
20240117;100010;6854.000000000;4;9411048638;B
20240117;100010;6854.000000000;1;9411048659;B
20240117;100013;6854.000000000;5;9411049582;B
20240117;100014;6854.000000000;30;9411049868;B
20240117;100014;6854.000000000;10;9411049869;B
20240117;100014;6854.000000000;30;9411049870;B
20240117;100014;6854.000000000;10;9411049871;B
20240117;100014;6854.000000000;20;9411049872;B
20240117;100014;6854.000000000;12;9411049889;B
20240117;100020;6854.000000000;2;9411051181;B
20240117;100020;6854.000000000;1;9411051265;B
20240117;100023;6853.500000000;1;9411051927;S
20240117;100025;6853.500000000;1;9411052612;B
20240117;100032;6853.000000000;1;9411054637;S
20240117;100032;6853.500000000;5;9411054831;B
20240117;100035;6853.500000000;1;9411055405;B
20240117;100035;6853.000000000;1;9411055408;S
20240117;100035;6853.000000000;1;9411055409;S
20240117;100035;6853.000000000;2;9411055410;S
20240117;100035;6851.500000000;1;9411055411;S
20240117;100035;6851.000000000;1;9411055412;S
20240117;100035;6851.000000000;4;9411055413;S
20240117;100038;6850.500000000;1;9411056060;S
20240117;100040;6850.000000000;1;9411056650;S
20240117;100040;6850.000000000;1;9411056651;S
20240117;100040;6850.000000000;7;9411056887;S
20240117;100045;6850.000000000;2;9411058021;S
20240117;100045;6850.000000000;6;9411058234;S
20240117;100045;6850.000000000;1;9411058235;S
20240117;100045;6850.000000000;1;9411058236;S
20240117;100045;6850.000000000;2;9411058237;S
20240117;100045;6850.000000000;1;9411058238;S
20240117;100045;6850.000000000;1;9411058239;S
20240117;100045;6850.000000000;1;9411058240;S
20240117;100045;6850.000000000;1;9411058241;S
20240117;100045;6850.000000000;1;9411058242;S
20240117;100046;6850.000000000;1;9411058552;S
20240117;100047;6850.000000000;1;9411058783;S
20240117;100047;6850.000000000;1;9411058784;S
20240117;100047;6849.500000000;10;9411058786;S
20240117;100049;6849.000000000;1;9411059109;S
20240117;100049;6849.000000000;1;9411059110;S
20240117;100049;6848.000000000;2;9411059111;S
20240117;100050;6848.000000000;2;9411059265;S
20240117;100050;6848.000000000;1;9411059294;S
20240117;100052;6848.000000000;5;9411059584;S
20240117;100052;6848.000000000;3;9411059620;S
20240117;100052;6848.000000000;2;9411059621;S
20240117;100052;6848.000000000;10;9411059623;S
20240117;100052;6848.000000000;30;9411059624;S
20240117;100052;6848.000000000;10;9411059625;S
20240117;100053;6847.500000000;1;9411059810;S
20240117;100053;6848.000000000;2;9411059883;B
20240117;100054;6848.000000000;1;9411060046;B
20240117;100054;6848.000000000;1;9411060142;B
20240117;100055;6848.000000000;26;9411060340;B
20240117;100055;6848.000000000;50;9411060341;B
20240117;100055;6848.000000000;25;9411060342;B
20240117;100055;6848.000000000;20;9411060343;B
20240117;100055;6848.000000000;10;9411060344;B
20240117;100055;6848.000000000;10;9411060345;B
20240117;100055;6848.000000000;59;9411060346;B
20240117;100055;6847.500000000;4;9411060379;S
20240117;100055;6847.500000000;25;9411060380;S
20240117;100056;6847.500000000;1;9411060582;S
20240117;100056;6847.500000000;2;9411060656;S
20240117;100059;6847.500000000;2;9411061183;S
20240117;100059;6847.000000000;1;9411061268;S
20240117;100100;6847.500000000;5;9411061448;B
20240117;100100;6847.000000000;58;9411061541;S
20240117;100101;6846.000000000;10;9411061680;S
20240117;100101;6846.000000000;4;9411061681;S
20240117;100102;6846.500000000;70;9411061902;B
20240117;100102;6846.500000000;30;9411061903;B
20240117;100102;6846.500000000;30;9411061904;B
20240117;100102;6846.500000000;10;9411061905;B
20240117;100102;6846.500000000;60;9411061906;B
20240117;100103;6846.000000000;6;9411062218;S
20240117;100103;6846.000000000;1;9411062219;S
20240117;100103;6846.000000000;1;9411062220;S
20240117;100103;6846.000000000;10;9411062221;S
20240117;100103;6845.500000000;60;9411062231;S
20240117;100103;6845.500000000;10;9411062232;S
20240117;100104;6845.000000000;10;9411062331;S
20240117;100104;6845.000000000;15;9411062332;S
20240117;100104;6845.000000000;2;9411062333;S
20240117;100104;6845.000000000;1;9411062334;S
20240117;100104;6845.000000000;3;9411062335;S
20240117;100104;6845.000000000;2;9411062336;S
20240117;100104;6845.000000000;5;9411062337;S
20240117;100104;6845.000000000;1;9411062338;S
20240117;100104;6845.000000000;10;9411062339;S
20240117;100104;6845.000000000;10;9411062340;S
20240117;100104;6844.500000000;200;9411062408;S
20240117;100105;6845.000000000;1;9411062548;B
20240117;100106;6845.000000000;5;9411062730;S
20240117;100110;6845.000000000;1;9411063575;S
20240117;100110;6844.500000000;49;9411063576;S
20240117;100120;6845.000000000;10;9411065455;S
20240117;100122;6845.000000000;17;9411065734;S
20240117;100122;6845.500000000;10;9411065829;B
20240117;100122;6845.500000000;10;9411065830;B
20240117;100123;6845.000000000;33;9411066238;S
20240117;100123;6845.000000000;10;9411066239;S
20240117;100124;6844.500000000;51;9411066335;S
20240117;100124;6844.500000000;100;9411066336;S
20240117;100124;6844.500000000;1;9411066337;S
20240117;100124;6844.500000000;1;9411066338;S
20240117;100124;6844.000000000;2;9411066339;S
20240117;100124;6844.000000000;1;9411066340;S
20240117;100124;6844.000000000;2;9411066341;S
20240117;100124;6844.000000000;10;9411066342;S
20240117;100124;6843.500000000;1;9411066343;S
20240117;100124;6843.500000000;1;9411066344;S
20240117;100124;6843.500000000;5;9411066345;S
20240117;100124;6843.500000000;1;9411066346;S
20240117;100124;6843.500000000;30;9411066347;S
20240117;100124;6843.000000000;1;9411066348;S
20240117;100124;6843.000000000;5;9411066349;S
20240117;100124;6843.000000000;5;9411066350;S
20240117;100124;6843.000000000;60;9411066351;S
20240117;100124;6843.000000000;36;9411066352;S
20240117;100124;6843.000000000;15;9411066353;S
20240117;100124;6842.500000000;10;9411066354;S
20240117;100124;6842.000000000;1;9411066355;S
20240117;100124;6841.500000000;3;9411066356;S
20240117;100124;6841.500000000;24;9411066357;S
20240117;100124;6841.000000000;50;9411066358;S
20240117;100124;6841.000000000;1;9411066359;S
20240117;100124;6841.000000000;1;9411066360;S
20240117;100124;6841.000000000;2;9411066361;S
20240117;100124;6841.000000000;2;9411066362;S
20240117;100124;6840.500000000;1;9411066363;S
20240117;100124;6840.500000000;2;9411066364;S
20240117;100124;6840.000000000;2;9411066365;S
20240117;100124;6840.000000000;1;9411066366;S
20240117;100124;6840.000000000;10;9411066367;S
20240117;100124;6840.000000000;2;9411066368;S
20240117;100124;6840.000000000;1;9411066369;S
20240117;100124;6840.000000000;1;9411066370;S
20240117;100124;6840.000000000;2;9411066371;S
20240117;100124;6840.000000000;3;9411066372;S
20240117;100124;6840.000000000;2;9411066373;S
20240117;100124;6840.000000000;1;9411066374;S
20240117;100124;6840.000000000;3;9411066375;S
20240117;100124;6840.000000000;2;9411066376;S
20240117;100124;6840.000000000;5;9411066377;S
20240117;100124;6840.000000000;5;9411066378;S
20240117;100124;6840.000000000;1;9411066379;S
20240117;100124;6840.000000000;1;9411066380;S
20240117;100124;6840.000000000;33;9411066381;S
20240117;100124;6843.500000000;2;9411066433;B
20240117;100125;6843.500000000;1;9411066521;B
20240117;100125;6843.000000000;1;9411066534;S
20240117;100125;6843.000000000;8;9411066535;S
20240117;100125;6840.500000000;30;9411066536;S
20240117;100125;6840.500000000;10;9411066537;B
20240117;100125;6840.000000000;1;9411066635;S
20240117;100125;6840.000000000;1;9411066636;S
20240117;100125;6840.000000000;1;9411066637;S
20240117;100125;6840.000000000;5;9411066638;S
20240117;100125;6840.000000000;1;9411066639;S
20240117;100126;6840.000000000;10;9411066659;B
20240117;100130;6840.000000000;1;9411067607;B
20240117;100132;6840.000000000;3;9411067905;B
20240117;100134;6839.500000000;1;9411068406;S
20240117;100140;6839.500000000;2;9411069171;S
20240117;100140;6839.500000000;1;9411069172;S
20240117;100140;6839.500000000;1;9411069173;S
20240117;100140;6839.500000000;1;9411069174;S
20240117;100140;6839.500000000;1;9411069296;B
20240117;100140;6839.500000000;10;9411069297;B
20240117;100140;6840.000000000;7;9411069298;B
20240117;100140;6840.000000000;16;9411069299;B
20240117;100140;6840.000000000;107;9411069300;B
20240117;100144;6844.500000000;11;9411069843;B
20240117;100144;6844.500000000;9;9411069844;B
20240117;100145;6842.500000000;2;9411070080;S
20240117;100145;6842.000000000;10;9411070081;S
20240117;100145;6841.500000000;15;9411070082;S
20240117;100145;6841.000000000;2;9411070083;S
20240117;100145;6841.000000000;1;9411070084;S
20240117;100146;6841.000000000;10;9411070197;S
20240117;100146;6841.000000000;34;9411070237;S
20240117;100148;6840.500000000;10;9411070528;S
20240117;100148;6840.000000000;64;9411070529;S
20240117;100149;6840.500000000;10;9411070797;S
20240117;100149;6840.500000000;44;9411070798;S
20240117;100149;6840.000000000;56;9411070799;S
20240117;100151;6840.500000000;10;9411071143;S
20240117;100151;6840.000000000;239;9411071144;S
20240117;100151;6840.000000000;1;9411071145;S
20240117;100151;6840.000000000;1;9411071146;S
20240117;100151;6839.500000000;15;9411071147;S
20240117;100152;6839.000000000;3;9411071178;S
20240117;100152;6839.000000000;10;9411071179;S
20240117;100152;6838.500000000;3;9411071180;S
20240117;100152;6838.000000000;3;9411071181;S
20240117;100152;6838.000000000;1;9411071182;S
20240117;100152;6838.000000000;1;9411071183;S
20240117;100152;6838.000000000;10;9411071184;S
20240117;100152;6838.000000000;40;9411071185;S
20240117;100152;6839.000000000;10;9411071189;B
20240117;100152;6839.000000000;10;9411071372;S
20240117;100153;6839.000000000;2;9411071489;S
20240117;100153;6839.500000000;1;9411071606;B
20240117;100153;6839.500000000;2;9411071608;B
20240117;100153;6839.000000000;25;9411071629;S
20240117;100200;6839.000000000;10;9411072690;S
20240117;100201;6839.000000000;3;9411072960;S
20240117;100201;6839.000000000;3;9411073017;S
20240117;100202;6839.000000000;1;9411073251;S
20240117;100204;6839.000000000;20;9411073613;S
20240117;100205;6839.500000000;31;9411073796;B
20240117;100205;6839.500000000;15;9411073797;B
20240117;100205;6839.500000000;10;9411073798;B
20240117;100205;6840.000000000;14;9411073799;B
20240117;100207;6839.500000000;1;9411074249;S
20240117;100207;6839.500000000;19;9411074250;S
20240117;100207;6839.500000000;10;9411074251;S
20240117;100212;6840.000000000;3;9411075427;B
20240117;100214;6839.500000000;1;9411075645;S
20240117;100214;6839.500000000;2;9411075646;S
20240117;100216;6839.000000000;20;9411075868;S
20240117;100216;6839.500000000;2;9411075875;B
20240117;100216;6839.500000000;8;9411075945;B
20240117;100216;6839.500000000;2;9411075946;B
20240117;100220;6839.000000000;3;9411076540;S
20240117;100220;6839.500000000;1;9411076611;B
20240117;100222;6839.000000000;3;9411076881;S
20240117;100222;6839.500000000;15;9411076992;B
20240117;100223;6839.500000000;1;9411077121;B
20240117;100224;6839.500000000;25;9411077203;B
20240117;100224;6839.500000000;10;9411077204;B
20240117;100224;6840.000000000;8;9411077205;B
20240117;100224;6840.000000000;84;9411077206;B
20240117;100224;6840.000000000;100;9411077207;B
20240117;100224;6840.000000000;36;9411077208;B
20240117;100224;6840.000000000;5;9411077209;B
20240117;100224;6840.000000000;1;9411077210;B
20240117;100225;6843.000000000;5;9411077525;B
20240117;100228;6843.000000000;1;9411077816;B
20240117;100228;6840.500000000;10;9411077837;S
20240117;100228;6840.500000000;15;9411077838;S
20240117;100233;6840.500000000;2;9411078743;S
20240117;100236;6841.000000000;1;9411079180;B
20240117;100237;6840.500000000;5;9411079301;S
20240117;100237;6841.000000000;1;9411079393;B
20240117;100240;6841.500000000;5;9411079659;S
20240117;100240;6841.500000000;5;9411079691;S
20240117;100240;6841.500000000;18;9411079692;S
20240117;100242;6842.500000000;1;9411080064;B
20240117;100242;6843.500000000;1;9411080065;B
20240117;100243;6842.000000000;6;9411080218;S
20240117;100244;6843.500000000;1;9411080300;B
20240117;100244;6843.500000000;10;9411080301;B
20240117;100244;6844.000000000;3;9411080302;B
20240117;100244;6844.500000000;6;9411080303;B
20240117;100245;6842.000000000;1;9411080469;S
20240117;100246;6844.500000000;1;9411080662;B
20240117;100251;6844.500000000;9;9411081320;B
20240117;100251;6844.500000000;3;9411081321;B
20240117;100254;6845.000000000;1;9411081634;B
20240117;100254;6844.500000000;28;9411081712;S
20240117;100254;6844.500000000;30;9411081713;S
20240117;100254;6845.000000000;1;9411081736;B
20240117;100257;6845.000000000;2;9411082346;B
20240117;100300;6844.500000000;3;9411082645;S
20240117;100300;6844.500000000;2;9411082646;S
20240117;100300;6844.000000000;10;9411082796;S
20240117;100300;6844.000000000;1;9411082797;S
20240117;100300;6844.000000000;30;9411082798;S
20240117;100301;6843.500000000;38;9411082876;S
20240117;100301;6843.500000000;30;9411082877;S
20240117;100301;6843.000000000;300;9411082878;S
20240117;100301;6843.000000000;4;9411082879;S
20240117;100301;6843.000000000;10;9411082880;S
20240117;100301;6842.000000000;1;9411082881;S
20240117;100301;6841.500000000;1;9411082882;S
20240117;100301;6841.500000000;15;9411082883;S
20240117;100301;6841.000000000;1;9411082884;S
20240117;100301;6841.000000000;1;9411082885;S
20240117;100301;6841.000000000;1;9411082886;S
20240117;100301;6841.000000000;11;9411082887;S
20240117;100301;6840.500000000;1;9411082888;S
20240117;100301;6840.500000000;30;9411082889;S
20240117;100301;6840.500000000;5;9411082890;S
20240117;100301;6840.500000000;11;9411082891;S
20240117;100301;6840.500000000;1;9411082892;S
20240117;100301;6840.500000000;11;9411082893;S
20240117;100301;6840.000000000;1;9411082894;S
20240117;100301;6840.000000000;50;9411082895;S
20240117;100301;6840.000000000;11;9411082896;S
20240117;100301;6840.000000000;100;9411082897;S
20240117;100301;6839.500000000;1;9411082898;S
20240117;100301;6839.500000000;1;9411082899;S
20240117;100301;6839.500000000;10;9411082900;S
20240117;100301;6839.500000000;3;9411082901;S
20240117;100301;6839.500000000;60;9411082902;S
20240117;100301;6839.500000000;36;9411082903;S
20240117;100301;6839.000000000;323;9411082904;S
20240117;100301;6839.000000000;1;9411082905;S
20240117;100301;6839.000000000;1;9411082906;S
20240117;100301;6839.000000000;20;9411082907;S
20240117;100301;6839.000000000;1;9411082908;S
20240117;100301;6839.000000000;1;9411082909;S
20240117;100301;6839.000000000;2;9411082910;S
20240117;100301;6838.500000000;2;9411082911;S
20240117;100301;6838.500000000;1;9411082912;S
20240117;100301;6838.000000000;8;9411082913;S
20240117;100301;6838.000000000;1;9411082914;S
20240117;100301;6838.000000000;2;9411082915;S
20240117;100301;6837.500000000;3;9411082916;S
20240117;100301;6837.500000000;10;9411082917;S
20240117;100301;6837.500000000;1;9411082918;S
20240117;100301;6837.500000000;300;9411082919;S
20240117;100301;6837.000000000;3;9411082920;S
20240117;100301;6837.000000000;1;9411082921;S
20240117;100301;6836.500000000;3;9411082922;S
20240117;100301;6836.500000000;10;9411082923;S
20240117;100301;6836.500000000;1;9411082924;S
20240117;100301;6836.500000000;58;9411082925;S
20240117;100301;6839.000000000;3;9411082945;B
20240117;100301;6836.000000000;2;9411082946;S
20240117;100303;6839.000000000;10;9411083193;B
20240117;100303;6839.000000000;1;9411083350;B
20240117;100305;6838.000000000;3;9411083576;S
20240117;100305;6837.500000000;17;9411083577;S
20240117;100307;6839.000000000;1;9411084060;B
20240117;100307;6839.000000000;1;9411084086;B
20240117;100310;6839.000000000;39;9411084593;B
20240117;100311;6838.500000000;1;9411084696;S
20240117;100311;6838.500000000;1;9411084697;S
20240117;100311;6838.000000000;1;9411084698;S
20240117;100311;6838.000000000;1;9411084699;S
20240117;100311;6838.000000000;3;9411084700;S
20240117;100312;6838.500000000;1;9411084867;S
20240117;100312;6838.000000000;1;9411084868;S
20240117;100312;6837.500000000;3;9411084869;S
20240117;100315;6838.000000000;10;9411085273;S
20240117;100315;6838.000000000;3;9411085274;S
20240117;100315;6837.500000000;1;9411085275;S
20240117;100315;6839.000000000;12;9411085305;B
20240117;100320;6837.500000000;9;9411086200;S
20240117;100320;6837.500000000;7;9411086201;S
20240117;100322;6838.000000000;3;9411086547;S
20240117;100322;6838.000000000;13;9411086548;S
20240117;100322;6837.500000000;37;9411086549;S
20240117;100322;6837.500000000;1;9411086550;S
20240117;100322;6837.500000000;10;9411086551;S
20240117;100322;6837.500000000;1;9411086552;S
20240117;100322;6837.000000000;10;9411086553;S
20240117;100322;6837.000000000;5;9411086554;S
20240117;100325;6839.000000000;1;9411086926;B
20240117;100326;6839.000000000;3;9411086999;B
20240117;100326;6838.000000000;1;9411087022;S
20240117;100326;6838.000000000;1;9411087023;S
20240117;100327;6838.000000000;4;9411087122;B
20240117;100327;6838.500000000;1;9411087123;B
20240117;100330;6838.500000000;9;9411087523;B
20240117;100332;6839.000000000;11;9411087885;B
20240117;100332;6839.000000000;100;9411087886;B
20240117;100333;6840.000000000;1;9411088047;B
20240117;100335;6840.000000000;1;9411088352;B
20240117;100335;6840.000000000;1;9411088375;B
20240117;100337;6840.000000000;7;9411088883;B
20240117;100339;6840.000000000;1;9411089075;B
20240117;100340;6839.000000000;3;9411089135;S
20240117;100340;6840.000000000;9;9411089232;B
20240117;100340;6840.000000000;10;9411089233;B
20240117;100342;6843.000000000;5;9411089552;B
20240117;100347;6843.500000000;1;9411090121;B
20240117;100347;6842.000000000;2;9411090177;S
20240117;100347;6843.500000000;9;9411090179;B
20240117;100347;6844.000000000;11;9411090180;B
20240117;100347;6843.000000000;1;9411090198;B
20240117;100350;6843.000000000;98;9411090651;B
20240117;100350;6843.000000000;2;9411090652;B
20240117;100353;6843.000000000;10;9411091200;S
20240117;100353;6842.500000000;2;9411091201;S
20240117;100353;6842.500000000;3;9411091202;S
20240117;100355;6844.000000000;48;9411091522;B
20240117;100357;6844.500000000;2;9411091894;B
20240117;100400;6843.000000000;2;9411092314;S
20240117;100400;6843.000000000;4;9411092316;B
20240117;100401;6842.500000000;1;9411092513;S
20240117;100401;6842.500000000;5;9411092572;S
20240117;100402;6844.500000000;3;9411092735;B
20240117;100402;6844.500000000;5;9411092736;B
20240117;100405;6844.000000000;2;9411093193;S
20240117;100405;6844.000000000;28;9411093194;S
20240117;100405;6843.500000000;44;9411093255;S
20240117;100405;6843.500000000;10;9411093256;S
20240117;100405;6843.000000000;33;9411093257;S
20240117;100406;6845.000000000;13;9411093359;B
20240117;100406;6845.000000000;12;9411093360;B
20240117;100406;6843.000000000;10;9411093487;S
20240117;100406;6842.500000000;5;9411093488;S
20240117;100406;6842.500000000;3;9411093489;S
20240117;100406;6842.500000000;12;9411093490;S
20240117;100407;6845.000000000;5;9411093670;B
20240117;100411;6845.000000000;43;9411094139;B
20240117;100411;6845.000000000;1;9411094140;B
20240117;100411;6845.000000000;150;9411094141;B
20240117;100411;6845.000000000;43;9411094142;B
20240117;100411;6845.000000000;50;9411094143;B
20240117;100411;6845.000000000;10;9411094144;B
20240117;100411;6846.000000000;50;9411094145;B
20240117;100411;6846.000000000;36;9411094146;B
20240117;100412;6848.000000000;15;9411094276;B
20240117;100412;6848.000000000;10;9411094277;B
20240117;100412;6848.500000000;52;9411094278;B
20240117;100412;6849.500000000;36;9411094387;B
20240117;100412;6850.000000000;14;9411094388;B
20240117;100413;6850.000000000;21;9411094402;B
20240117;100413;6850.000000000;1;9411094403;B
20240117;100413;6850.500000000;3;9411094404;B
20240117;100413;6850.500000000;10;9411094405;B
20240117;100413;6851.000000000;1;9411094406;B
20240117;100413;6851.000000000;14;9411094407;B
20240117;100413;6851.000000000;1;9411094438;B
20240117;100420;6850.500000000;2;9411095346;S
20240117;100420;6850.500000000;2;9411095347;S
20240117;100420;6850.500000000;3;9411095348;S
20240117;100420;6850.500000000;2;9411095349;S
20240117;100420;6850.000000000;1;9411095350;S
20240117;100420;6850.000000000;2;9411095351;S
20240117;100420;6850.000000000;2;9411095352;S
20240117;100420;6849.500000000;10;9411095353;S
20240117;100420;6849.000000000;3;9411095354;S
20240117;100420;6848.500000000;11;9411095355;S
20240117;100420;6848.000000000;11;9411095356;S
20240117;100420;6847.500000000;11;9411095357;S
20240117;100420;6847.000000000;3;9411095358;S
20240117;100420;6847.000000000;15;9411095359;S
20240117;100420;6846.500000000;15;9411095360;S
20240117;100420;6846.000000000;36;9411095361;S
20240117;100420;6845.000000000;1;9411095362;S
20240117;100420;6845.000000000;44;9411095363;S
20240117;100420;6844.500000000;50;9411095364;S
20240117;100420;6844.500000000;90;9411095365;S
20240117;100420;6844.500000000;2;9411095366;B
20240117;100420;6844.500000000;17;9411095367;B
20240117;100420;6845.000000000;15;9411095368;S
20240117;100420;6845.000000000;10;9411095369;B
20240117;100420;6845.000000000;63;9411095370;B
20240117;100420;6845.000000000;12;9411095371;B
20240117;100420;6847.500000000;4;9411095439;B
20240117;100421;6846.000000000;1;9411095515;S
20240117;100425;6847.500000000;2;9411096301;B
20240117;100425;6849.000000000;1;9411096474;B
20240117;100428;6849.000000000;1;9411096782;B
20240117;100428;6849.000000000;9;9411096902;B
20240117;100428;6849.500000000;2;9411096903;B
20240117;100428;6849.500000000;36;9411096904;B
20240117;100428;6849.500000000;53;9411096905;B
20240117;100431;6849.500000000;2;9411097174;S
20240117;100431;6849.000000000;10;9411097175;S
20240117;100431;6848.500000000;2;9411097176;S
20240117;100431;6848.500000000;1;9411097177;S
20240117;100431;6850.000000000;1;9411097201;B
20240117;100431;6850.000000000;2;9411097202;B
20240117;100431;6850.000000000;10;9411097203;B
20240117;100431;6851.000000000;5;9411097204;B
20240117;100438;6850.500000000;1;9411098276;S
20240117;100440;6850.500000000;9;9411098638;S
20240117;100440;6850.500000000;2;9411098639;S
20240117;100440;6850.500000000;2;9411098640;S
20240117;100440;6850.000000000;3;9411098641;S
20240117;100440;6849.500000000;2;9411098642;S
20240117;100440;6849.500000000;12;9411098643;S
20240117;100440;6851.000000000;1;9411098682;B
20240117;100445;6851.000000000;1;9411099508;B
20240117;100447;6851.000000000;3;9411099778;B
20240117;100447;6851.000000000;2;9411099779;B
20240117;100447;6851.000000000;10;9411099780;B
20240117;100448;6853.500000000;5;9411100111;B
20240117;100449;6851.500000000;6;9411100204;S
20240117;100450;6852.000000000;10;9411100476;S
20240117;100451;6852.000000000;1;9411100646;S
20240117;100458;6853.000000000;1;9411101890;B
20240117;100458;6853.000000000;1;9411101891;B
20240117;100458;6853.500000000;6;9411101892;B
20240117;100500;6852.000000000;10;9411102229;S
20240117;100500;6852.000000000;2;9411102230;S
20240117;100500;6852.000000000;10;9411102231;S
20240117;100500;6851.500000000;8;9411102232;S
20240117;100504;6852.000000000;10;9411102968;S
20240117;100504;6851.500000000;36;9411103005;S
20240117;100504;6851.500000000;21;9411103006;S
20240117;100505;6851.500000000;4;9411103070;S
20240117;100505;6852.000000000;1;9411103139;B
20240117;100507;6852.000000000;2;9411103347;B
20240117;100507;6852.000000000;2;9411103357;B
20240117;100508;6852.000000000;1;9411103637;B
20240117;100510;6851.500000000;18;9411104077;S
20240117;100510;6851.500000000;7;9411104078;S
20240117;100520;6851.000000000;30;9411105245;S
20240117;100520;6851.000000000;55;9411105246;S
20240117;100520;6851.000000000;2;9411105247;S
20240117;100520;6851.000000000;2;9411105248;S
20240117;100520;6850.500000000;1;9411105249;S
20240117;100520;6849.000000000;11;9411105271;S
20240117;100520;6849.000000000;5;9411105272;S
20240117;100520;6848.000000000;11;9411105363;S
20240117;100520;6848.000000000;2;9411105364;S
20240117;100520;6847.500000000;11;9411105365;S
20240117;100520;6847.500000000;10;9411105366;S
20240117;100520;6847.000000000;1;9411105367;S
20240117;100520;6847.000000000;11;9411105368;S
20240117;100520;6846.500000000;36;9411105369;S
20240117;100520;6845.500000000;3;9411105370;S
20240117;100520;6845.500000000;1;9411105371;S
20240117;100520;6844.500000000;15;9411105372;S
20240117;100520;6844.000000000;1;9411105373;S
20240117;100520;6844.000000000;3;9411105374;S
20240117;100520;6844.000000000;41;9411105375;S
20240117;100522;6847.500000000;1;9411105644;B
20240117;100525;6848.000000000;2;9411106194;B
20240117;100525;6848.000000000;10;9411106195;B
20240117;100525;6848.500000000;5;9411106196;B
20240117;100525;6849.000000000;13;9411106197;B
20240117;100525;6848.000000000;1;9411106363;B
20240117;100526;6849.000000000;10;9411106451;B
20240117;100526;6849.500000000;10;9411106452;B
20240117;100528;6849.000000000;4;9411106684;B
20240117;100530;6849.000000000;6;9411106894;B
20240117;100530;6849.500000000;24;9411106895;B
20240117;100531;6848.000000000;1;9411107205;S
20240117;100532;6850.000000000;1;9411107423;B
20240117;100540;6848.000000000;9;9411108653;S
20240117;100540;6848.000000000;1;9411108654;S
20240117;100540;6847.500000000;2;9411108655;S
20240117;100540;6847.500000000;11;9411108656;S
20240117;100540;6847.500000000;1;9411108657;S
20240117;100540;6847.500000000;1;9411108658;S
20240117;100540;6847.000000000;5;9411108659;S
20240117;100540;6847.500000000;3;9411108771;S
20240117;100541;6850.000000000;1;9411108888;B
20240117;100547;6848.000000000;10;9411109757;S
20240117;100553;6846.500000000;11;9411110497;S
20240117;100553;6846.500000000;10;9411110498;S
20240117;100553;6846.000000000;11;9411110499;S
20240117;100553;6846.000000000;2;9411110500;S
20240117;100553;6845.500000000;5;9411110501;S
20240117;100553;6845.500000000;1;9411110502;S
20240117;100557;6845.000000000;1;9411111371;S
20240117;100558;6845.000000000;4;9411111398;S
20240117;100558;6845.000000000;1;9411111399;S
20240117;100558;6844.500000000;1;9411111449;S
20240117;100600;6844.500000000;4;9411111684;S
20240117;100600;6844.500000000;1;9411111685;S
20240117;100600;6844.500000000;3;9411111686;S
20240117;100600;6844.500000000;10;9411111687;S
20240117;100600;6844.500000000;12;9411111801;B
20240117;100604;6845.500000000;1;9411112287;B
20240117;100604;6846.500000000;2;9411112288;B
20240117;100605;6846.000000000;5;9411112432;B
20240117;100605;6845.500000000;1;9411112486;S
20240117;100606;6845.500000000;7;9411112611;S
20240117;100614;6847.000000000;1;9411113655;B
20240117;100617;6846.500000000;1;9411114056;S
20240117;100620;6846.000000000;1;9411114385;S
20240117;100620;6846.000000000;10;9411114386;S
20240117;100620;6845.500000000;11;9411114387;S
20240117;100620;6845.000000000;8;9411114388;S
20240117;100622;6846.500000000;1;9411114776;B
20240117;100624;6846.500000000;7;9411114983;B
20240117;100624;6847.000000000;3;9411114984;B
20240117;100624;6847.000000000;10;9411114985;B
20240117;100627;6847.500000000;1;9411115716;B
20240117;100627;6848.000000000;10;9411115717;B
20240117;100627;6848.500000000;5;9411115718;B
20240117;100627;6849.000000000;22;9411115719;B
20240117;100627;6849.500000000;50;9411115720;B
20240117;100627;6850.000000000;50;9411115721;B
20240117;100627;6850.000000000;136;9411115722;B
20240117;100627;6850.000000000;15;9411115723;B
20240117;100627;6850.500000000;56;9411115724;B
20240117;100630;6851.500000000;1;9411116138;S
20240117;100630;6850.500000000;50;9411116139;S
20240117;100630;6850.500000000;2;9411116140;S
20240117;100631;6851.000000000;2;9411116185;S
20240117;100632;6851.000000000;15;9411116281;S
20240117;100632;6852.000000000;2;9411116404;B
20240117;100633;6852.000000000;3;9411116419;B
20240117;100633;6852.000000000;1;9411116420;B
20240117;100633;6852.500000000;6;9411116421;B
20240117;100640;6849.500000000;10;9411117440;S
20240117;100640;6849.000000000;2;9411117441;S
20240117;100640;6849.000000000;10;9411117442;S
20240117;100640;6849.000000000;1;9411117443;S
20240117;100640;6848.500000000;7;9411117444;S
20240117;100642;6852.000000000;1;9411117798;B
20240117;100642;6850.500000000;5;9411117816;S
20240117;100650;6850.000000000;1;9411118911;B
20240117;100655;6849.000000000;1;9411119552;S
20240117;100655;6848.500000000;24;9411119553;S
20240117;100655;6848.500000000;26;9411119578;S
20240117;100655;6848.000000000;5;9411119579;S
20240117;100655;6848.000000000;1;9411119580;S
20240117;100655;6847.500000000;1;9411119582;B
20240117;100658;6847.500000000;2;9411120130;B
20240117;100700;6847.000000000;30;9411120272;S
20240117;100700;6847.000000000;1;9411120345;S
20240117;100700;6846.500000000;1;9411120346;S
20240117;100700;6846.000000000;5;9411120347;S
20240117;100700;6845.000000000;1;9411120348;S
20240117;100700;6845.000000000;5;9411120349;S
20240117;100700;6845.000000000;1;9411120350;S
20240117;100700;6845.000000000;1;9411120351;S
20240117;100700;6845.000000000;2;9411120352;S
20240117;100700;6845.000000000;4;9411120427;S
20240117;100700;6844.500000000;3;9411120436;S
20240117;100700;6844.500000000;14;9411120437;S
20240117;100700;6844.500000000;10;9411120543;S
20240117;100700;6844.000000000;5;9411120544;S
20240117;100700;6844.000000000;1;9411120545;S
20240117;100700;6844.000000000;1;9411120546;S
20240117;100700;6844.000000000;56;9411120547;S
20240117;100701;6845.000000000;1;9411120584;B
20240117;100701;6845.500000000;5;9411120587;S
20240117;100701;6844.000000000;34;9411120610;S
20240117;100701;6844.500000000;3;9411120669;B
20240117;100704;6845.500000000;1;9411121050;B
20240117;100706;6844.000000000;23;9411121339;S
20240117;100706;6844.500000000;1;9411121372;B
20240117;100707;6844.500000000;9;9411121478;B
20240117;100707;6844.500000000;1;9411121479;B
20240117;100707;6845.000000000;1;9411121480;B
20240117;100707;6845.500000000;34;9411121481;B
20240117;100709;6845.000000000;2;9411121736;B
20240117;100715;6845.000000000;1;9411122341;B
20240117;100715;6844.000000000;22;9411122423;S
20240117;100719;6844.000000000;5;9411122980;S
20240117;100720;6844.000000000;5;9411123064;S
20240117;100720;6844.000000000;1;9411123065;S
20240117;100720;6844.000000000;1;9411123066;S
20240117;100720;6844.000000000;23;9411123067;S
20240117;100724;6844.000000000;19;9411123575;S
20240117;100725;6844.500000000;2;9411123705;B
20240117;100726;6844.500000000;1;9411123778;B
20240117;100726;6844.500000000;3;9411123779;B
20240117;100726;6844.500000000;3;9411123780;B
20240117;100726;6844.500000000;3;9411123781;B
20240117;100726;6844.500000000;3;9411123782;B
20240117;100726;6844.500000000;3;9411123783;B
20240117;100726;6845.000000000;1;9411123784;B
20240117;100726;6845.500000000;10;9411123785;B
20240117;100726;6846.000000000;17;9411123786;B
20240117;100727;6845.500000000;7;9411123962;B
20240117;100731;6846.000000000;2;9411124565;B
20240117;100731;6846.000000000;1;9411124595;S
20240117;100735;6846.000000000;2;9411125209;B
20240117;100740;6845.500000000;1;9411125942;S
20240117;100740;6845.500000000;2;9411125943;S
20240117;100740;6845.500000000;10;9411125944;S
20240117;100741;6845.500000000;5;9411126247;B
20240117;100745;6845.500000000;1;9411126631;B
20240117;100746;6845.000000000;10;9411126724;S
20240117;100746;6845.000000000;10;9411126725;S
20240117;100746;6845.000000000;1;9411126726;S
20240117;100746;6844.500000000;10;9411126727;S
20240117;100754;6845.000000000;1;9411127999;S
20240117;100755;6845.000000000;3;9411128051;B
20240117;100756;6844.500000000;1;9411128210;S
20240117;100756;6844.000000000;1;9411128211;S
20240117;100757;6845.000000000;1;9411128365;B
20240117;100757;6844.000000000;1;9411128393;S
20240117;100759;6844.000000000;6;9411128615;S
20240117;100759;6844.000000000;2;9411128616;S
20240117;100759;6844.000000000;5;9411128617;S
20240117;100759;6844.000000000;1;9411128618;S
20240117;100759;6843.500000000;1;9411128619;S
20240117;100759;6843.500000000;10;9411128620;S
20240117;100759;6845.000000000;1;9411128625;B
20240117;100800;6844.000000000;10;9411128819;S
20240117;100800;6843.500000000;1;9411128820;S
20240117;100800;6843.500000000;29;9411128821;S
20240117;100802;6844.000000000;1;9411129294;B
20240117;100809;6844.500000000;2;9411130278;B
20240117;100809;6844.500000000;2;9411130279;B
20240117;100810;6844.000000000;3;9411130366;S
20240117;100810;6844.500000000;2;9411130434;B
20240117;100810;6844.000000000;1;9411130499;S
20240117;100810;6844.500000000;1;9411130501;B
20240117;100812;6844.500000000;2;9411130846;B
20240117;100814;6844.500000000;1;9411131118;B
20240117;100818;6844.500000000;13;9411131618;B
20240117;100819;6845.000000000;1;9411131639;B
20240117;100819;6845.500000000;5;9411131640;B
20240117;100819;6845.500000000;9;9411131650;B
20240117;100819;6845.500000000;5;9411131668;B
20240117;100819;6845.000000000;1;9411131708;B
20240117;100819;6845.500000000;4;9411131709;B
20240117;100819;6845.500000000;2;9411131720;B
20240117;100819;6845.500000000;2;9411131721;B
20240117;100820;6845.000000000;1;9411131793;S
20240117;100820;6845.000000000;10;9411131794;S
20240117;100820;6844.500000000;19;9411131795;S
20240117;100827;6845.000000000;1;9411132773;S
20240117;100827;6845.000000000;1;9411132774;S
20240117;100827;6844.500000000;6;9411132775;S
20240117;100836;6845.500000000;2;9411134108;S
20240117;100840;6845.500000000;30;9411134455;S
20240117;100841;6845.500000000;68;9411134646;S
20240117;100841;6845.500000000;1;9411134647;S
20240117;100841;6845.000000000;10;9411134648;S
20240117;100841;6844.500000000;1;9411134649;S
20240117;100841;6844.500000000;1;9411134650;S
20240117;100841;6844.000000000;1;9411134651;S
20240117;100841;6844.000000000;2;9411134652;S
20240117;100843;6845.500000000;1;9411134807;B
20240117;100843;6845.500000000;1;9411134841;B
20240117;100849;6844.500000000;1;9411135577;S
20240117;100849;6844.500000000;1;9411135578;S
20240117;100849;6844.000000000;19;9411135579;S
20240117;100849;6844.000000000;2;9411135580;S
20240117;100849;6844.000000000;1;9411135581;S
20240117;100849;6844.000000000;1;9411135582;S
20240117;100849;6844.000000000;1;9411135583;S
20240117;100849;6844.000000000;2;9411135584;S
20240117;100849;6844.000000000;10;9411135585;S
20240117;100849;6843.500000000;42;9411135586;S
20240117;100850;6845.000000000;1;9411135695;B
20240117;100850;6845.000000000;1;9411135696;B
20240117;100850;6845.000000000;8;9411135697;B
20240117;100854;6844.500000000;10;9411136129;B
20240117;100900;6844.000000000;10;9411136735;S
20240117;100900;6844.000000000;1;9411136736;S
20240117;100900;6844.000000000;19;9411136737;S
20240117;100903;6844.000000000;25;9411137272;S
20240117;100903;6843.500000000;1;9411137350;S
20240117;100903;6843.000000000;3;9411137351;S
20240117;100903;6843.000000000;6;9411137352;S
20240117;100905;6843.000000000;10;9411137531;S
20240117;100906;6844.000000000;25;9411137714;B
20240117;100906;6844.000000000;10;9411137715;B
20240117;100912;6844.000000000;10;9411138441;S
20240117;100912;6844.000000000;7;9411138490;S
20240117;100912;6844.000000000;48;9411138491;S
20240117;100912;6843.500000000;1;9411138588;B
20240117;100912;6843.500000000;10;9411138589;B
20240117;100912;6844.000000000;50;9411138590;B
20240117;100912;6844.000000000;15;9411138591;B
20240117;100912;6844.500000000;19;9411138592;B
20240117;100913;6843.000000000;8;9411138702;S
20240117;100920;6843.000000000;1;9411139395;S
20240117;100920;6843.000000000;1;9411139396;S
20240117;100920;6843.000000000;1;9411139397;S
20240117;100920;6843.000000000;5;9411139468;B
20240117;100926;6843.000000000;14;9411140138;B
20240117;100927;6842.500000000;1;9411140272;S
20240117;100927;6842.500000000;1;9411140273;S
20240117;100927;6842.500000000;1;9411140274;S
20240117;100930;6842.500000000;1;9411140594;S
20240117;100930;6842.000000000;1;9411140595;S
20240117;100930;6842.000000000;10;9411140596;S
20240117;100930;6842.000000000;1;9411140597;S
20240117;100930;6842.000000000;10;9411140598;S
20240117;100930;6841.500000000;1;9411140599;S
20240117;100930;6841.500000000;1;9411140600;S
20240117;100930;6841.500000000;1;9411140601;S
20240117;100930;6841.000000000;1;9411140602;S
20240117;100930;6841.000000000;5;9411140603;S
20240117;100930;6841.000000000;10;9411140604;S
20240117;100930;6841.000000000;11;9411140605;S
20240117;100930;6841.000000000;1;9411140606;S
20240117;100930;6840.500000000;1;9411140607;S
20240117;100930;6840.500000000;6;9411140608;S
20240117;100930;6840.500000000;1;9411140609;S
20240117;100930;6840.500000000;6;9411140610;S
20240117;100930;6840.500000000;6;9411140611;S
20240117;100930;6840.500000000;11;9411140612;S
20240117;100930;6840.500000000;44;9411140613;S
20240117;100930;6840.000000000;1;9411140614;S
20240117;100930;6840.000000000;3;9411140615;S
20240117;100930;6840.000000000;3;9411140616;S
20240117;100930;6840.000000000;1;9411140617;S
20240117;100930;6840.000000000;1;9411140618;S
20240117;100930;6840.000000000;2;9411140619;S
20240117;100930;6840.000000000;1;9411140620;S
20240117;100930;6840.000000000;1;9411140621;S
20240117;100930;6840.000000000;1;9411140622;S
20240117;100930;6840.000000000;5;9411140623;S
20240117;100930;6840.000000000;1;9411140624;S
20240117;100930;6840.000000000;2;9411140625;S
20240117;100930;6840.000000000;5;9411140626;S
20240117;100930;6840.000000000;1;9411140627;S
20240117;100930;6840.000000000;11;9411140628;S
20240117;100930;6840.000000000;10;9411140629;S
20240117;100930;6839.500000000;1;9411140630;S
20240117;100930;6839.500000000;5;9411140631;S
20240117;100930;6839.500000000;60;9411140632;S
20240117;100930;6839.500000000;36;9411140633;S
20240117;100930;6839.000000000;7;9411140634;S
20240117;100930;6839.000000000;1;9411140635;S
20240117;100930;6839.000000000;28;9411140636;S
20240117;100930;6839.000000000;1;9411140637;S
20240117;100930;6839.000000000;1;9411140638;S
20240117;100930;6839.000000000;1;9411140639;S
20240117;100930;6839.000000000;1;9411140640;S
20240117;100930;6839.000000000;5;9411140641;S
20240117;100930;6839.000000000;1;9411140642;S
20240117;100930;6839.000000000;4;9411140643;S
20240117;100930;6839.000000000;1;9411140644;S
20240117;100930;6838.500000000;1;9411140645;S
20240117;100930;6838.500000000;1;9411140646;S
20240117;100930;6838.500000000;45;9411140647;S
20240117;100930;6838.000000000;1;9411140648;S
20240117;100930;6838.000000000;1;9411140649;S
20240117;100930;6838.000000000;50;9411140650;S
20240117;100930;6838.000000000;4;9411140651;S
20240117;100930;6838.000000000;1;9411140652;S
20240117;100930;6838.000000000;1;9411140653;S
20240117;100930;6838.000000000;50;9411140654;S
20240117;100930;6838.000000000;14;9411140655;S
20240117;100930;6839.000000000;4;9411140659;S
20240117;100938;6840.000000000;4;9411141658;S
20240117;100938;6840.500000000;1;9411141717;B
20240117;100940;6840.000000000;38;9411141889;S
20240117;100941;6840.500000000;5;9411142032;B
20240117;100942;6840.500000000;4;9411142146;B
20240117;100942;6841.000000000;16;9411142147;B
20240117;100947;6840.500000000;3;9411142676;B
20240117;100951;6840.000000000;12;9411143252;S
20240117;100951;6840.000000000;1;9411143253;S
20240117;100951;6840.000000000;1;9411143254;S
20240117;100951;6840.000000000;13;9411143255;S
20240117;100951;6840.000000000;1;9411143256;S
20240117;100955;6839.000000000;1;9411143704;S
20240117;100955;6839.000000000;1;9411143705;S
20240117;100955;6839.000000000;1;9411143706;S
20240117;100955;6839.000000000;44;9411143707;S
20240117;100955;6839.000000000;1;9411143708;S
20240117;100955;6838.500000000;4;9411143709;S
20240117;100955;6838.500000000;13;9411143710;S
20240117;100959;6839.500000000;10;9411144291;B
20240117;101000;6838.500000000;2;9411144295;S
20240117;101001;6838.500000000;28;9411144598;B
20240117;101001;6838.500000000;10;9411144599;B
20240117;101001;6839.000000000;1;9411144600;B
20240117;101001;6839.500000000;6;9411144601;B
20240117;101001;6840.000000000;105;9411144602;B
20240117;101005;6839.500000000;5;9411145006;B
20240117;101009;6839.500000000;3;9411145316;B
20240117;101009;6839.500000000;1;9411145526;B
20240117;101013;6839.500000000;1;9411146083;B
20240117;101013;6840.000000000;2;9411146084;B
20240117;101013;6839.500000000;2;9411146116;B
20240117;101016;6839.500000000;4;9411146396;B
20240117;101017;6839.000000000;1;9411146517;S
20240117;101017;6839.000000000;1;9411146518;S
20240117;101017;6839.000000000;10;9411146519;S
20240117;101017;6838.500000000;3;9411146520;S
20240117;101018;6838.000000000;4;9411146696;S
20240117;101018;6838.000000000;1;9411146697;S
20240117;101018;6838.000000000;10;9411146698;S
20240117;101020;6838.500000000;11;9411146993;S
20240117;101020;6838.000000000;19;9411146994;S
20240117;101020;6839.000000000;5;9411146995;B
20240117;101024;6838.500000000;11;9411147553;S
20240117;101028;6838.500000000;1;9411147958;B
20240117;101028;6838.500000000;10;9411147959;B
20240117;101028;6838.500000000;73;9411147960;B
20240117;101028;6839.500000000;12;9411147961;B
20240117;101028;6839.500000000;4;9411147962;B
20240117;101029;6839.000000000;4;9411148043;B
20240117;101031;6839.000000000;1;9411148267;B
20240117;101037;6838.500000000;50;9411148879;B
20240117;101039;6839.000000000;2;9411149115;B
20240117;101040;6838.000000000;6;9411149119;S
20240117;101040;6838.000000000;1;9411149120;S
20240117;101040;6838.000000000;1;9411149121;S
20240117;101040;6838.000000000;1;9411149122;S
20240117;101040;6838.000000000;3;9411149123;S
20240117;101040;6838.000000000;2;9411149124;S
20240117;101040;6838.000000000;1;9411149125;S
20240117;101040;6838.000000000;11;9411149126;S
20240117;101040;6838.000000000;4;9411149127;S
20240117;101042;6839.000000000;48;9411149434;B
20240117;101042;6839.000000000;1;9411149435;B
20240117;101042;6839.000000000;2;9411149436;B
20240117;101042;6838.500000000;1;9411149453;S
20240117;101042;6838.500000000;18;9411149454;S
20240117;101042;6838.500000000;31;9411149455;B
20240117;101046;6839.500000000;3;9411149849;B
20240117;101046;6839.500000000;33;9411149850;B
20240117;101046;6839.500000000;10;9411149851;B
20240117;101047;6840.000000000;10;9411149929;B
20240117;101047;6839.500000000;1;9411149966;S
20240117;101047;6839.000000000;50;9411149967;S
20240117;101047;6839.000000000;8;9411149968;S
20240117;101049;6840.000000000;55;9411150236;B
20240117;101049;6840.000000000;35;9411150237;B
20240117;101049;6840.000000000;10;9411150238;B
20240117;101049;6840.000000000;5;9411150239;B
20240117;101049;6840.000000000;10;9411150240;B
20240117;101049;6840.000000000;1;9411150241;B
20240117;101049;6841.000000000;1;9411150264;B
20240117;101052;6841.000000000;56;9411150609;B
20240117;101054;6842.000000000;2;9411151068;B
20240117;101054;6842.500000000;3;9411151069;B
20240117;101054;6842.500000000;10;9411151070;S
20240117;101059;6841.500000000;1;9411151649;S
20240117;101059;6841.500000000;1;9411151650;S
20240117;101100;6841.500000000;4;9411151660;S
20240117;101103;6841.000000000;1;9411152150;S
20240117;101105;6841.500000000;10;9411152325;B
20240117;101107;6841.500000000;16;9411152469;B
20240117;101107;6841.500000000;10;9411152470;B
20240117;101108;6841.500000000;24;9411152690;S
20240117;101108;6841.500000000;1;9411152691;S
20240117;101108;6841.000000000;11;9411152692;S
20240117;101108;6840.500000000;1;9411152693;S
20240117;101114;6842.000000000;1;9411153976;B
20240117;101120;6841.500000000;2;9411154601;S
20240117;101122;6841.500000000;5;9411154822;B
20240117;101123;6841.500000000;1;9411154883;B
20240117;101125;6841.000000000;1;9411155251;S
20240117;101125;6841.000000000;1;9411155252;S
20240117;101125;6840.500000000;8;9411155253;S
20240117;101126;6841.500000000;1;9411155348;B
20240117;101140;6841.000000000;1;9411156617;S
20240117;101140;6841.000000000;1;9411156618;S
20240117;101140;6841.000000000;1;9411156619;S
20240117;101140;6841.000000000;30;9411156620;S
20240117;101140;6841.000000000;10;9411156621;S
20240117;101145;6841.000000000;2;9411157107;B
20240117;101145;6841.000000000;5;9411157161;B
20240117;101149;6841.000000000;1;9411157579;B
20240117;101149;6841.500000000;1;9411157580;B
20240117;101149;6841.500000000;1;9411157674;B
20240117;101150;6840.500000000;6;9411157722;S
20240117;101150;6840.500000000;10;9411157723;S
20240117;101150;6840.500000000;44;9411157724;S
20240117;101150;6840.000000000;11;9411157725;S
20240117;101150;6840.000000000;1;9411157726;S
20240117;101150;6840.000000000;60;9411157727;S
20240117;101150;6840.000000000;1;9411157728;S
20240117;101150;6840.000000000;1;9411157729;S
20240117;101150;6839.500000000;11;9411157730;S
20240117;101150;6839.000000000;2;9411157731;S
20240117;101150;6839.000000000;1;9411157732;S
20240117;101150;6839.000000000;1;9411157733;S
20240117;101150;6839.000000000;11;9411157734;S
20240117;101150;6839.000000000;15;9411157735;S
20240117;101150;6839.000000000;13;9411157736;S
20240117;101150;6839.000000000;3;9411157737;S
20240117;101150;6838.500000000;2;9411157738;S
20240117;101150;6838.500000000;1;9411157739;S
20240117;101150;6838.500000000;1;9411157740;S
20240117;101150;6838.500000000;1;9411157741;S
20240117;101150;6838.500000000;1;9411157742;S
20240117;101150;6838.500000000;5;9411157743;S
20240117;101150;6838.000000000;1;9411157744;S
20240117;101150;6838.000000000;25;9411157745;S
20240117;101150;6838.000000000;1;9411157746;S
20240117;101150;6838.000000000;1;9411157747;S
20240117;101150;6838.000000000;300;9411157748;S
20240117;101150;6838.000000000;2;9411157749;S
20240117;101150;6838.000000000;5;9411157750;S
20240117;101150;6838.000000000;2;9411157751;S
20240117;101150;6838.000000000;20;9411157752;S
20240117;101150;6838.000000000;36;9411157753;S
20240117;101150;6837.500000000;1;9411157754;S
20240117;101150;6837.500000000;2;9411157755;S
20240117;101150;6837.500000000;1;9411157756;S
20240117;101150;6837.500000000;1;9411157757;S
20240117;101150;6837.500000000;5;9411157758;S
20240117;101150;6837.500000000;10;9411157759;S
20240117;101150;6837.500000000;5;9411157760;S
20240117;101150;6837.500000000;1;9411157761;S
20240117;101150;6837.500000000;1;9411157762;S
20240117;101150;6837.000000000;1;9411157763;S
20240117;101150;6837.000000000;10;9411157764;S
20240117;101150;6837.000000000;1;9411157765;S
20240117;101150;6837.000000000;2;9411157766;S
20240117;101150;6837.000000000;20;9411157767;S
20240117;101150;6837.000000000;5;9411157768;S
20240117;101150;6837.000000000;1;9411157769;S
20240117;101150;6837.000000000;1;9411157770;S
20240117;101150;6836.500000000;1;9411157771;S
20240117;101150;6836.500000000;1;9411157772;S
20240117;101150;6836.500000000;60;9411157773;S
20240117;101150;6836.000000000;1;9411157774;S
20240117;101150;6836.000000000;1;9411157775;S
20240117;101150;6836.000000000;22;9411157776;S
20240117;101150;6836.000000000;1;9411157777;S
20240117;101150;6836.000000000;5;9411157778;S
20240117;101150;6835.500000000;3;9411157779;S
20240117;101150;6835.500000000;2;9411157780;S
20240117;101150;6835.500000000;1;9411157781;S
20240117;101150;6835.500000000;1;9411157782;S
20240117;101150;6835.500000000;6;9411157783;S
20240117;101150;6835.500000000;1;9411157784;S
20240117;101150;6835.500000000;1;9411157785;S
20240117;101150;6835.500000000;6;9411157786;S
20240117;101150;6835.500000000;1;9411157787;S
20240117;101150;6835.500000000;6;9411157788;S
20240117;101150;6835.500000000;1;9411157789;S
20240117;101150;6835.000000000;1;9411157790;S
20240117;101150;6835.000000000;3;9411157791;S
20240117;101150;6835.000000000;1;9411157792;S
20240117;101150;6835.000000000;50;9411157793;S
20240117;101150;6835.000000000;10;9411157794;S
20240117;101150;6835.000000000;1;9411157795;S
20240117;101150;6835.000000000;5;9411157796;S
20240117;101150;6835.000000000;2;9411157797;S
20240117;101150;6835.000000000;2;9411157798;S
20240117;101150;6835.000000000;1;9411157799;S
20240117;101150;6835.000000000;2;9411157800;S
20240117;101150;6835.000000000;1;9411157801;S
20240117;101150;6835.000000000;5;9411157802;S
20240117;101150;6835.000000000;1;9411157803;S
20240117;101150;6835.000000000;1;9411157804;S
20240117;101150;6835.000000000;3;9411157805;S
20240117;101150;6835.000000000;1;9411157806;S
20240117;101150;6835.000000000;10;9411157807;S
20240117;101150;6835.000000000;1;9411157808;S
20240117;101150;6835.000000000;2;9411157809;S
20240117;101150;6835.000000000;1;9411157810;S
20240117;101150;6835.000000000;1;9411157811;S
20240117;101150;6835.000000000;1;9411157812;S
20240117;101150;6835.000000000;1;9411157813;S
20240117;101150;6834.500000000;3;9411157814;S
20240117;101150;6834.500000000;1;9411157815;S
20240117;101150;6834.500000000;1;9411157816;S
20240117;101150;6834.500000000;1;9411157817;S
20240117;101150;6834.500000000;1;9411157818;S
20240117;101150;6834.500000000;1;9411157819;S
20240117;101150;6834.500000000;1;9411157820;S
20240117;101150;6834.500000000;1;9411157821;S
20240117;101150;6834.500000000;99;9411157822;S
20240117;101150;6839.000000000;20;9411157824;S
20240117;101150;6839.000000000;24;9411157825;S
20240117;101150;6836.500000000;10;9411157826;S
20240117;101150;6835.500000000;151;9411157827;S
20240117;101150;6835.500000000;80;9411157828;S
20240117;101150;6835.500000000;57;9411157829;S
20240117;101150;6835.000000000;3;9411157830;S
20240117;101150;6837.000000000;2;9411157884;S
20240117;101150;6835.500000000;42;9411157885;S
20240117;101150;6835.500000000;10;9411157886;S
20240117;101150;6835.000000000;26;9411157887;S
20240117;101151;6837.500000000;1;9411157967;B
20240117;101151;6837.500000000;1;9411158050;B
20240117;101152;6837.500000000;1;9411158133;B
20240117;101152;6837.500000000;1;9411158187;B
20240117;101152;6837.500000000;2;9411158254;B
20240117;101154;6837.500000000;2;9411158478;B
20240117;101155;6836.000000000;1;9411158511;S
20240117;101155;6835.500000000;1;9411158512;S
20240117;101155;6835.000000000;8;9411158513;S
20240117;101157;6837.500000000;11;9411158819;B
20240117;101158;6836.500000000;2;9411158979;B
20240117;101159;6836.000000000;5;9411159013;B
20240117;101159;6837.000000000;2;9411159062;B
20240117;101200;6835.500000000;1;9411159076;S
20240117;101200;6835.500000000;10;9411159077;S
20240117;101200;6835.500000000;19;9411159079;B
20240117;101201;6835.500000000;10;9411159259;S
20240117;101201;6835.000000000;13;9411159260;S
20240117;101201;6835.000000000;50;9411159261;S
20240117;101201;6835.000000000;1;9411159262;S
20240117;101201;6835.000000000;2;9411159263;S
20240117;101201;6835.000000000;2;9411159264;S
20240117;101201;6835.000000000;3;9411159265;S
20240117;101201;6834.500000000;1;9411159266;S
20240117;101201;6834.500000000;1;9411159267;S
20240117;101201;6834.000000000;1;9411159268;S
20240117;101201;6834.000000000;3;9411159269;S
20240117;101201;6834.000000000;20;9411159270;S
20240117;101201;6834.000000000;10;9411159271;S
20240117;101201;6834.000000000;10;9411159272;S
20240117;101201;6834.000000000;1;9411159273;S
20240117;101201;6834.000000000;11;9411159274;S
20240117;101201;6833.500000000;3;9411159275;S
20240117;101201;6833.500000000;1;9411159276;S
20240117;101201;6833.500000000;11;9411159277;S
20240117;101201;6833.000000000;3;9411159278;S
20240117;101201;6833.000000000;1;9411159279;S
20240117;101201;6833.000000000;30;9411159280;S
20240117;101201;6833.000000000;1;9411159281;S
20240117;101201;6833.000000000;43;9411159282;S
20240117;101201;6833.000000000;3;9411159283;S
20240117;101201;6833.000000000;1;9411159284;S
20240117;101201;6833.000000000;1;9411159285;S
20240117;101201;6833.000000000;11;9411159286;S
20240117;101201;6833.000000000;1;9411159287;S
20240117;101201;6833.000000000;15;9411159288;S
20240117;101201;6832.500000000;3;9411159289;S
20240117;101201;6832.500000000;10;9411159290;S
20240117;101201;6832.500000000;1;9411159291;S
20240117;101201;6832.500000000;1;9411159292;S
20240117;101201;6832.500000000;4;9411159293;S
20240117;101201;6832.500000000;12;9411159294;S
20240117;101201;6832.500000000;10;9411159295;S
20240117;101201;6832.500000000;60;9411159296;S
20240117;101201;6832.000000000;3;9411159297;S
20240117;101201;6832.000000000;50;9411159298;S
20240117;101201;6832.000000000;1;9411159299;S
20240117;101201;6832.000000000;1;9411159300;S
20240117;101201;6832.000000000;1;9411159301;S
20240117;101201;6832.000000000;2;9411159302;S
20240117;101201;6832.000000000;500;9411159303;S
20240117;101201;6832.000000000;10;9411159304;S
20240117;101201;6832.000000000;20;9411159305;S
20240117;101201;6832.000000000;36;9411159306;S
20240117;101201;6831.500000000;2;9411159307;S
20240117;101201;6831.500000000;3;9411159308;S
20240117;101201;6831.500000000;1;9411159309;S
20240117;101201;6831.500000000;1;9411159310;S
20240117;101201;6831.500000000;1;9411159311;S
20240117;101201;6831.500000000;1;9411159312;S
20240117;101201;6831.000000000;1;9411159313;S
20240117;101201;6831.000000000;5;9411159314;S
20240117;101201;6831.000000000;1;9411159315;S
20240117;101201;6831.000000000;3;9411159316;S
20240117;101201;6831.000000000;1;9411159317;S
20240117;101201;6831.000000000;2;9411159318;S
20240117;101201;6831.000000000;22;9411159319;S
20240117;101201;6831.000000000;100;9411159320;S
20240117;101201;6831.000000000;2;9411159321;S
20240117;101201;6831.000000000;1;9411159322;S
20240117;101201;6831.000000000;2;9411159323;S
20240117;101201;6831.000000000;5;9411159324;S
20240117;101201;6831.000000000;2;9411159325;S
20240117;101201;6830.500000000;3;9411159326;S
20240117;101201;6830.500000000;1;9411159327;S
20240117;101201;6830.500000000;30;9411159328;S
20240117;101201;6830.500000000;10;9411159329;S
20240117;101201;6830.500000000;10;9411159330;S
20240117;101201;6830.500000000;1;9411159331;S
20240117;101201;6830.500000000;6;9411159332;S
20240117;101201;6830.500000000;1;9411159333;S
20240117;101201;6830.500000000;5;9411159334;S
20240117;101201;6830.500000000;2;9411159335;S
20240117;101201;6830.500000000;6;9411159336;S
20240117;101201;6830.500000000;1;9411159337;S
20240117;101201;6830.500000000;20;9411159338;S
20240117;101201;6830.500000000;6;9411159339;S
20240117;101201;6830.500000000;2;9411159340;S
20240117;101201;6830.000000000;10;9411159341;S
20240117;101201;6830.000000000;5;9411159342;S
20240117;101201;6830.000000000;50;9411159343;S
20240117;101201;6830.000000000;1;9411159344;S
20240117;101201;6830.000000000;10;9411159345;S
20240117;101201;6830.000000000;1;9411159346;S
20240117;101201;6830.000000000;1;9411159347;S
20240117;101201;6830.000000000;1;9411159348;S
20240117;101201;6830.000000000;29;9411159349;S
20240117;101201;6830.000000000;7;9411159350;S
20240117;101201;6830.000000000;3;9411159351;S
20240117;101201;6830.000000000;5;9411159352;S
20240117;101201;6830.000000000;10;9411159353;S
20240117;101201;6830.000000000;1;9411159354;S
20240117;101201;6830.000000000;1;9411159355;S
20240117;101201;6830.000000000;1;9411159356;S
20240117;101201;6830.000000000;1;9411159357;S
20240117;101201;6830.000000000;5;9411159358;S
20240117;101201;6830.000000000;5;9411159359;S
20240117;101201;6830.000000000;2;9411159360;S
20240117;101201;6830.000000000;3;9411159361;S
20240117;101201;6830.000000000;3;9411159362;S
20240117;101201;6830.000000000;20;9411159363;S
20240117;101201;6830.000000000;54;9411159364;S
20240117;101201;6831.500000000;2;9411159375;S
20240117;101201;6831.500000000;2;9411159382;S
20240117;101202;6833.500000000;3;9411159490;B
20240117;101202;6833.000000000;1;9411159492;S
20240117;101202;6833.000000000;1;9411159493;B
20240117;101202;6833.500000000;1;9411159508;B
20240117;101205;6833.000000000;2;9411159765;S
20240117;101205;6832.500000000;1;9411159766;S
20240117;101205;6832.000000000;1;9411159767;S
20240117;101205;6832.000000000;2;9411159768;S
20240117;101206;6833.500000000;1;9411159942;S
20240117;101206;6832.000000000;4;9411159943;S
20240117;101207;6834.500000000;2;9411160084;B
20240117;101209;6834.500000000;1;9411160270;B
20240117;101210;6833.500000000;10;9411160406;S
20240117;101210;6833.500000000;90;9411160407;B
20240117;101213;6834.500000000;1;9411160729;B
20240117;101215;6835.000000000;36;9411161019;B
20240117;101216;6836.500000000;11;9411161115;B
20240117;101216;6836.500000000;10;9411161116;B
20240117;101216;6837.000000000;11;9411161117;B
20240117;101216;6837.000000000;1;9411161118;B
20240117;101216;6837.000000000;36;9411161119;B
20240117;101216;6837.500000000;11;9411161120;B
20240117;101216;6838.500000000;20;9411161121;B
20240117;101217;6838.500000000;8;9411161276;B
20240117;101218;6836.500000000;1;9411161383;S
20240117;101220;6835.500000000;10;9411161621;S
20240117;101220;6835.500000000;1;9411161622;S
20240117;101220;6835.500000000;19;9411161623;B
20240117;101220;6838.500000000;1;9411161679;B
20240117;101223;6837.500000000;1;9411162174;B
20240117;101227;6837.500000000;3;9411162529;B
20240117;101227;6837.500000000;1;9411162591;B
20240117;101235;6837.000000000;1;9411163584;B
20240117;101240;6836.500000000;2;9411164186;S
20240117;101240;6836.500000000;1;9411164211;B
20240117;101242;6836.500000000;2;9411164355;B
20240117;101247;6836.500000000;1;9411165213;B
20240117;101250;6836.500000000;1;9411165691;B
20240117;101253;6836.500000000;1;9411166029;B
20240117;101253;6836.500000000;1;9411166046;B
20240117;101256;6836.000000000;1;9411166341;S
20240117;101256;6836.000000000;5;9411166342;S
20240117;101256;6836.500000000;2;9411166429;B
20240117;101257;6836.000000000;7;9411166525;S
20240117;101258;6836.500000000;1;9411166612;B
20240117;101300;6836.000000000;3;9411166804;S
20240117;101300;6836.000000000;1;9411166805;S
20240117;101300;6836.000000000;5;9411166806;S
20240117;101300;6836.000000000;5;9411166807;S
20240117;101300;6835.500000000;1;9411166902;S
20240117;101300;6835.000000000;1;9411166903;S
20240117;101300;6835.000000000;1;9411166904;S
20240117;101300;6835.000000000;1;9411166905;S
20240117;101300;6835.000000000;2;9411166906;S
20240117;101300;6835.000000000;10;9411166907;B
20240117;101301;6835.000000000;1;9411166966;B
20240117;101306;6834.500000000;1;9411167468;S
20240117;101306;6834.500000000;5;9411167469;S
20240117;101306;6834.500000000;3;9411167470;S
20240117;101306;6835.000000000;5;9411167491;B
20240117;101309;6835.000000000;2;9411167774;B
20240117;101315;6834.500000000;4;9411168363;S
20240117;101315;6834.500000000;1;9411168364;S
20240117;101316;6834.500000000;5;9411168455;S
20240117;101316;6835.000000000;1;9411168553;B
20240117;101317;6834.500000000;5;9411168563;S
20240117;101317;6834.500000000;1;9411168564;S
20240117;101317;6834.500000000;10;9411168565;S
20240117;101317;6834.500000000;1;9411168566;S
20240117;101317;6834.000000000;8;9411168567;S
20240117;101317;6834.500000000;21;9411168568;B
20240117;101319;6834.500000000;1;9411168802;B
20240117;101320;6834.000000000;64;9411168872;S
20240117;101321;6834.500000000;1;9411168988;B
20240117;101324;6834.000000000;15;9411169352;S
20240117;101326;6834.000000000;5;9411169563;S
20240117;101327;6834.500000000;50;9411169750;B
20240117;101327;6834.500000000;3;9411169751;B
20240117;101327;6834.500000000;25;9411169782;B
20240117;101327;6835.000000000;86;9411169793;B
20240117;101327;6835.000000000;89;9411169794;B
20240117;101327;6835.000000000;2;9411169795;B
20240117;101327;6835.000000000;25;9411169796;B
20240117;101327;6835.000000000;124;9411169797;B
20240117;101328;6834.500000000;2;9411169848;S
20240117;101329;6834.500000000;7;9411169948;S
20240117;101329;6834.500000000;21;9411169950;S
20240117;101329;6834.500000000;39;9411169951;S
20240117;101330;6835.000000000;5;9411170052;B
20240117;101331;6835.000000000;1;9411170115;B
20240117;101331;6835.000000000;1;9411170136;B
20240117;101331;6835.000000000;3;9411170138;B
20240117;101334;6835.000000000;2;9411170738;B
20240117;101339;6834.500000000;11;9411171295;S
20240117;101339;6834.500000000;1;9411171296;S
20240117;101339;6834.500000000;1;9411171297;S
20240117;101339;6834.500000000;1;9411171298;S
20240117;101339;6834.000000000;6;9411171299;S
20240117;101339;6835.000000000;1;9411171300;B
20240117;101340;6834.500000000;13;9411171304;S
20240117;101340;6834.500000000;17;9411171305;B
20240117;101340;6834.000000000;346;9411171414;S
20240117;101344;6834.000000000;7;9411171759;S
20240117;101345;6834.500000000;10;9411171913;B
20240117;101346;6835.000000000;1;9411171948;B
20240117;101347;6834.500000000;1;9411172025;S
20240117;101347;6834.500000000;18;9411172048;S
20240117;101347;6834.000000000;46;9411172049;S
20240117;101347;6834.000000000;3;9411172054;S
20240117;101352;6835.000000000;5;9411172692;B
20240117;101357;6835.000000000;1;9411173075;B
20240117;101358;6834.500000000;3;9411173183;S
20240117;101358;6834.500000000;3;9411173184;S
20240117;101400;6834.500000000;6;9411173341;S
20240117;101400;6834.500000000;1;9411173342;S
20240117;101400;6834.500000000;10;9411173344;B
20240117;101400;6834.500000000;3;9411173434;B
20240117;101400;6834.500000000;3;9411173435;B
20240117;101400;6834.000000000;1;9411173436;S
20240117;101400;6834.000000000;1;9411173437;S
20240117;101401;6834.500000000;3;9411173462;B
20240117;101401;6834.500000000;3;9411173463;B
20240117;101401;6834.500000000;1;9411173492;B
20240117;101403;6834.500000000;1;9411173690;S
20240117;101403;6834.500000000;5;9411173691;S
20240117;101403;6834.000000000;1;9411173692;S
20240117;101403;6834.000000000;12;9411173693;S
20240117;101403;6834.000000000;1;9411173694;S
20240117;101406;6834.000000000;2;9411173908;S
20240117;101406;6834.000000000;380;9411173909;S
20240117;101406;6834.000000000;15;9411173910;S
20240117;101406;6834.000000000;10;9411173911;S
20240117;101406;6834.000000000;3;9411173912;S
20240117;101406;6833.500000000;1;9411173913;S
20240117;101406;6833.500000000;1;9411173914;S
20240117;101406;6833.000000000;1;9411173915;S
20240117;101406;6833.000000000;1;9411173916;S
20240117;101406;6833.000000000;2;9411173917;S
20240117;101406;6833.000000000;1;9411173918;S
20240117;101406;6832.500000000;10;9411173919;S
20240117;101406;6832.500000000;2;9411173920;S
20240117;101406;6832.500000000;1;9411173921;S
20240117;101406;6832.500000000;1;9411173922;S
20240117;101406;6832.500000000;36;9411173923;S
20240117;101406;6832.500000000;58;9411173924;B
20240117;101406;6832.500000000;79;9411173925;B
20240117;101406;6832.500000000;96;9411173926;B
20240117;101406;6832.500000000;2;9411173958;B
20240117;101406;6832.500000000;4;9411173959;B
20240117;101406;6832.500000000;4;9411173960;B
20240117;101406;6832.500000000;4;9411173962;B
20240117;101406;6832.500000000;1;9411174144;B
20240117;101409;6832.000000000;1;9411174602;S
20240117;101410;6832.000000000;1;9411174640;S
20240117;101410;6832.000000000;1;9411174641;S
20240117;101410;6832.000000000;1;9411174642;S
20240117;101410;6831.500000000;5;9411174643;S
20240117;101410;6832.000000000;7;9411174644;B
20240117;101410;6832.000000000;3;9411174645;B
20240117;101410;6832.000000000;3;9411174646;B
20240117;101410;6832.000000000;3;9411174647;B
20240117;101410;6832.000000000;3;9411174648;B
20240117;101410;6832.000000000;3;9411174649;B
20240117;101410;6832.000000000;8;9411174650;B
20240117;101410;6832.000000000;13;9411174651;B
20240117;101410;6831.500000000;2;9411174654;S
20240117;101410;6832.000000000;2;9411174660;B
20240117;101411;6831.500000000;3;9411174830;S
20240117;101411;6831.500000000;2;9411174831;S
20240117;101411;6831.500000000;1;9411174832;S
20240117;101413;6832.000000000;8;9411174954;B
20240117;101413;6832.500000000;17;9411174955;B
20240117;101413;6832.000000000;5;9411174999;B
20240117;101414;6832.000000000;5;9411175073;B
20240117;101414;6832.500000000;30;9411175074;B
20240117;101414;6832.500000000;15;9411175077;B
20240117;101415;6832.000000000;1;9411175227;B
20240117;101416;6832.000000000;1;9411175301;B
20240117;101417;6832.000000000;1;9411175472;B
20240117;101418;6831.500000000;1;9411175544;S
20240117;101418;6831.500000000;4;9411175545;S
20240117;101418;6832.000000000;2;9411175546;B
20240117;101418;6832.000000000;4;9411175589;B
20240117;101418;6832.000000000;1;9411175601;B
20240117;101419;6832.000000000;1;9411175777;B
20240117;101419;6832.000000000;1;9411175778;B
20240117;101419;6832.000000000;1;9411175799;B
20240117;101420;6831.500000000;6;9411175830;S
20240117;101420;6831.500000000;1;9411175831;S
20240117;101420;6831.500000000;1;9411175832;S
20240117;101420;6831.500000000;21;9411175833;B
20240117;101420;6831.500000000;1;9411175834;B
20240117;101420;6831.500000000;10;9411175835;B
20240117;101421;6832.000000000;1;9411176001;B
20240117;101421;6832.000000000;3;9411176051;B
20240117;101422;6832.000000000;90;9411176130;B
20240117;101422;6831.500000000;1;9411176155;B
20240117;101423;6831.500000000;1;9411176178;S
20240117;101425;6831.000000000;1;9411176441;S
20240117;101426;6832.000000000;1;9411176551;B
20240117;101431;6832.000000000;15;9411177147;B
20240117;101434;6832.000000000;2;9411177533;B
20240117;101436;6832.000000000;1;9411177778;B
20240117;101436;6831.500000000;1;9411177781;S
20240117;101440;6831.500000000;1;9411178275;S
20240117;101440;6831.500000000;1;9411178276;S
20240117;101440;6831.500000000;1;9411178277;S
20240117;101440;6831.500000000;27;9411178278;S
20240117;101440;6832.000000000;1;9411178366;B
20240117;101440;6832.000000000;15;9411178379;B
20240117;101440;6832.000000000;183;9411178396;B
20240117;101440;6832.000000000;12;9411178397;B
20240117;101440;6832.000000000;5;9411178398;B
20240117;101444;6831.500000000;1;9411178675;S
20240117;101445;6831.500000000;16;9411178819;S
20240117;101447;6832.000000000;2;9411179081;B
20240117;101448;6832.000000000;2;9411179287;B
20240117;101449;6832.000000000;4;9411179386;B
20240117;101450;6831.500000000;6;9411179499;S
20240117;101450;6831.500000000;5;9411179500;S
20240117;101450;6831.500000000;3;9411179501;S
20240117;101450;6831.500000000;13;9411179547;S
20240117;101450;6831.500000000;12;9411179548;S
20240117;101451;6831.500000000;15;9411179658;S
20240117;101452;6832.000000000;10;9411179730;B
20240117;101459;6832.000000000;1;9411180558;B
20240117;101500;6831.500000000;3;9411180579;S
20240117;101500;6831.500000000;18;9411180580;S
20240117;101500;6831.500000000;1;9411180581;S
20240117;101500;6831.500000000;1;9411180582;S
20240117;101500;6831.500000000;1;9411180583;S
20240117;101500;6831.500000000;1;9411180584;S
20240117;101500;6831.500000000;2;9411180585;S
20240117;101500;6831.500000000;1;9411180586;S
20240117;101500;6831.500000000;2;9411180587;B
20240117;101500;6831.500000000;1;9411180781;S
20240117;101501;6832.000000000;9;9411180851;B
20240117;101505;6832.000000000;6;9411181758;B
20240117;101506;6831.500000000;2;9411181972;S
20240117;101506;6832.000000000;3;9411182049;B
20240117;101507;6832.000000000;13;9411182213;B
20240117;101507;6832.000000000;4;9411182214;B
20240117;101507;6832.000000000;1;9411182215;B
20240117;101507;6832.000000000;3;9411182216;B
20240117;101507;6832.000000000;4;9411182217;B
20240117;101507;6832.000000000;3;9411182218;B
20240117;101507;6832.000000000;2;9411182219;B
20240117;101507;6832.500000000;1;9411182279;B
20240117;101508;6832.000000000;4;9411182430;S
20240117;101510;6832.500000000;1;9411182756;B
20240117;101510;6832.500000000;1;9411182854;B
20240117;101513;6832.000000000;2;9411183240;S
20240117;101515;6832.500000000;5;9411183773;B
20240117;101518;6832.500000000;7;9411184363;B
20240117;101520;6832.000000000;19;9411184573;S
20240117;101520;6832.000000000;2;9411184574;S
20240117;101520;6832.000000000;1;9411184575;S
20240117;101520;6832.000000000;1;9411184576;S
20240117;101520;6832.000000000;5;9411184577;S
20240117;101520;6832.000000000;2;9411184578;S
20240117;101520;6832.500000000;1;9411184685;B
20240117;101521;6832.000000000;8;9411184849;S
20240117;101521;6832.000000000;1;9411184850;S
20240117;101521;6832.000000000;10;9411184851;S
20240117;101521;6831.500000000;2;9411184852;S
20240117;101521;6831.500000000;1;9411184853;S
20240117;101521;6831.500000000;2;9411184854;S
20240117;101521;6831.000000000;4;9411184855;S
20240117;101521;6831.000000000;2;9411184856;S
20240117;101521;6831.000000000;1;9411184857;S
20240117;101521;6831.000000000;20;9411184858;S
20240117;101521;6831.000000000;1;9411184859;S
20240117;101521;6831.000000000;1;9411184860;S
20240117;101521;6831.000000000;1;9411184861;S
20240117;101521;6831.000000000;5;9411184862;S
20240117;101521;6831.000000000;43;9411184863;S
20240117;101521;6831.000000000;5;9411184864;S
20240117;101521;6831.000000000;10;9411184865;S
20240117;101521;6831.000000000;13;9411184866;S
20240117;101521;6831.000000000;5;9411184867;S
20240117;101521;6831.000000000;16;9411184868;S
20240117;101521;6830.500000000;15;9411184869;S
20240117;101521;6830.500000000;1;9411184870;S
20240117;101521;6830.500000000;10;9411184871;S
20240117;101521;6830.500000000;6;9411184872;S
20240117;101521;6830.500000000;30;9411184873;S
20240117;101521;6830.500000000;1;9411184874;S
20240117;101521;6830.500000000;3;9411184875;S
20240117;101521;6830.500000000;1;9411184876;S
20240117;101521;6830.500000000;6;9411184877;S
20240117;101521;6830.500000000;1;9411184878;S
20240117;101521;6830.500000000;6;9411184879;S
20240117;101521;6830.500000000;3;9411184880;S
20240117;101521;6830.500000000;6;9411184881;S
20240117;101521;6830.500000000;10;9411184882;S
20240117;101521;6830.500000000;6;9411184883;S
20240117;101521;6830.500000000;15;9411184884;S
20240117;101521;6830.500000000;1;9411184885;S
20240117;101521;6830.500000000;14;9411184886;S
20240117;101521;6830.000000000;14;9411184887;S
20240117;101521;6832.000000000;10;9411184918;B
20240117;101524;6832.000000000;6;9411185505;B
20240117;101525;6832.500000000;30;9411185627;B
20240117;101525;6832.500000000;10;9411185635;B
20240117;101525;6831.500000000;1;9411185754;S
20240117;101525;6831.500000000;1;9411185755;S
20240117;101532;6832.500000000;2;9411186665;B
20240117;101533;6832.000000000;1;9411187117;S
20240117;101535;6832.000000000;2;9411187524;S
20240117;101535;6832.000000000;3;9411187525;S
20240117;101536;6832.000000000;1;9411187732;S
20240117;101537;6832.000000000;36;9411187935;S
20240117;101537;6832.000000000;10;9411187936;S
20240117;101537;6832.000000000;19;9411187937;S
20240117;101538;6832.500000000;3;9411188077;B
20240117;101540;6832.000000000;30;9411188234;S
20240117;101541;6832.500000000;1;9411188358;B
20240117;101543;6832.500000000;10;9411188717;B
20240117;101543;6832.000000000;3;9411188724;S
20240117;101545;6832.000000000;25;9411188904;S
20240117;101546;6832.500000000;5;9411189206;B
20240117;101547;6832.500000000;5;9411189360;B
20240117;101548;6832.500000000;25;9411189375;B
20240117;101550;6832.500000000;4;9411189766;B
20240117;101552;6832.500000000;1;9411189903;B
20240117;101553;6832.500000000;20;9411190185;B
20240117;101556;6832.500000000;3;9411190698;B
20240117;101558;6832.500000000;1;9411190933;B
20240117;101559;6832.500000000;1;9411191036;B
20240117;101559;6832.500000000;3;9411191163;B
20240117;101559;6832.500000000;1;9411191185;B
20240117;101600;6832.000000000;30;9411191191;S
20240117;101600;6832.500000000;1;9411191240;B
20240117;101600;6832.500000000;1;9411191269;B
20240117;101603;6832.500000000;1;9411191674;B
20240117;101604;6832.500000000;1;9411191771;B
20240117;101604;6832.500000000;5;9411191800;B
20240117;101605;6832.500000000;2;9411191962;B
20240117;101605;6832.500000000;60;9411192032;B
20240117;101605;6832.500000000;11;9411192033;B
20240117;101606;6832.500000000;1;9411192166;B
20240117;101607;6832.500000000;2;9411192277;B
20240117;101608;6832.000000000;3;9411192534;S
20240117;101609;6832.500000000;1;9411192593;B
20240117;101612;6832.500000000;2;9411193219;B
20240117;101614;6832.500000000;1;9411193545;B
20240117;101616;6832.500000000;1;9411193854;B
20240117;101617;6832.500000000;2;9411194073;B
20240117;101620;6832.000000000;29;9411194548;S
20240117;101620;6832.500000000;7;9411194660;B
20240117;101620;6833.000000000;164;9411194661;B
20240117;101620;6833.500000000;2;9411194662;B
20240117;101620;6834.000000000;2;9411194663;B
20240117;101620;6834.000000000;10;9411194664;B
20240117;101620;6835.000000000;7;9411194665;B
20240117;101620;6835.000000000;3;9411194666;B
20240117;101620;6835.500000000;11;9411194667;B
20240117;101620;6835.500000000;15;9411194668;B
20240117;101620;6836.000000000;9;9411194669;B
20240117;101620;6836.000000000;11;9411194670;B
20240117;101620;6836.000000000;36;9411194671;B
20240117;101620;6836.500000000;1;9411194672;B
20240117;101620;6836.500000000;11;9411194673;B
20240117;101620;6837.500000000;60;9411194674;B
20240117;101620;6838.500000000;88;9411194675;B
20240117;101620;6838.500000000;63;9411194676;B
20240117;101620;6837.500000000;10;9411194709;B
20240117;101623;6839.500000000;4;9411195295;B
20240117;101625;6839.500000000;1;9411195849;B
20240117;101628;6839.500000000;2;9411196361;B
20240117;101628;6839.500000000;2;9411196362;B
20240117;101628;6839.500000000;1;9411196363;B
20240117;101628;6839.500000000;1;9411196432;B
20240117;101633;6839.500000000;3;9411197123;B
20240117;101633;6839.500000000;2;9411197124;B
20240117;101633;6839.500000000;2;9411197222;B
20240117;101634;6839.500000000;3;9411197377;B
20240117;101640;6839.000000000;10;9411198577;S
20240117;101640;6839.000000000;20;9411198578;S
20240117;101641;6839.500000000;2;9411198716;B
20240117;101641;6839.500000000;1;9411198724;B
20240117;101642;6839.500000000;1;9411198911;B
20240117;101642;6839.000000000;5;9411198990;S
20240117;101646;6839.000000000;1;9411199481;S
20240117;101646;6839.500000000;5;9411199592;B
20240117;101647;6839.500000000;1;9411199674;B
20240117;101649;6839.500000000;10;9411199969;B
20240117;101652;6839.500000000;7;9411200358;B
20240117;101654;6839.500000000;1;9411200840;B
20240117;101656;6839.000000000;5;9411201137;S
20240117;101700;6839.000000000;30;9411201725;S
20240117;101700;6839.000000000;2;9411201853;S
20240117;101701;6839.500000000;1;9411201984;B
20240117;101704;6839.500000000;1;9411202633;B
20240117;101704;6839.500000000;1;9411202640;B
20240117;101712;6839.000000000;21;9411204082;S
20240117;101714;6839.500000000;1;9411204396;B
20240117;101714;6839.500000000;2;9411204432;B
20240117;101714;6839.500000000;1;9411204433;B
20240117;101716;6839.500000000;1;9411204657;B
20240117;101719;6839.000000000;1;9411205483;S
20240117;101720;6839.000000000;5;9411205521;S
20240117;101720;6839.000000000;2;9411205522;S
20240117;101720;6839.000000000;2;9411205523;S
20240117;101720;6839.000000000;1;9411205524;S
20240117;101720;6839.000000000;1;9411205525;S
20240117;101721;6839.000000000;19;9411205710;B
20240117;101721;6839.000000000;10;9411205711;B
20240117;101721;6839.500000000;11;9411205712;B
20240117;101721;6838.000000000;1;9411205898;S
20240117;101722;6839.000000000;1;9411206051;B
20240117;101722;6839.000000000;2;9411206073;B
20240117;101722;6839.500000000;37;9411206074;B
20240117;101722;6839.500000000;10;9411206075;B
20240117;101724;6840.000000000;1;9411206246;B
20240117;101724;6840.000000000;2;9411206247;B
20240117;101724;6840.000000000;12;9411206248;B
20240117;101724;6840.000000000;1;9411206290;B
20240117;101731;6840.000000000;44;9411207417;B
20240117;101731;6840.000000000;2;9411207418;B
20240117;101731;6840.000000000;11;9411207419;B
20240117;101736;6840.500000000;4;9411208276;S
20240117;101737;6841.000000000;1;9411208374;B
20240117;101739;6841.000000000;1;9411208720;B
20240117;101740;6840.500000000;6;9411208967;S
20240117;101740;6840.500000000;5;9411208968;S
20240117;101744;6840.500000000;2;9411209873;B
20240117;101751;6840.000000000;100;9411211074;S
20240117;101753;6840.500000000;1;9411211291;B
20240117;101755;6840.000000000;3;9411211700;S
20240117;101756;6840.500000000;1;9411211851;B
20240117;101759;6840.500000000;6;9411212397;B
20240117;101800;6840.000000000;40;9411212421;S
20240117;101800;6840.000000000;2;9411212422;S
20240117;101800;6840.000000000;3;9411212423;S
20240117;101801;6840.500000000;2;9411212634;B
20240117;101802;6840.500000000;2;9411212999;B
20240117;101803;6840.500000000;1;9411213201;B
20240117;101803;6840.500000000;1;9411213243;B
20240117;101803;6840.000000000;2;9411213252;S
20240117;101806;6840.000000000;5;9411213680;S
20240117;101806;6840.000000000;1;9411213681;S
20240117;101806;6840.000000000;2;9411213682;S
20240117;101806;6840.000000000;1;9411213683;S
20240117;101810;6840.000000000;1;9411214291;S
20240117;101810;6840.000000000;1;9411214292;S
20240117;101810;6840.000000000;1;9411214293;S
20240117;101812;6840.500000000;1;9411214653;B
20240117;101812;6840.500000000;2;9411214694;B
20240117;101815;6840.500000000;7;9411215099;S
20240117;101816;6840.500000000;2;9411215315;S
20240117;101816;6840.000000000;5;9411215316;S
20240117;101820;6840.000000000;8;9411215620;S
20240117;101820;6840.000000000;1;9411215621;S
20240117;101821;6839.500000000;6;9411215813;S
20240117;101828;6840.000000000;1;9411217022;B
20240117;101829;6840.000000000;15;9411217280;B
20240117;101830;6840.000000000;5;9411217401;B
20240117;101830;6840.000000000;1;9411217402;B
20240117;101830;6841.000000000;6;9411217403;B
20240117;101830;6841.000000000;3;9411217404;B
20240117;101832;6841.000000000;1;9411217734;B
20240117;101833;6841.000000000;1;9411217798;B
20240117;101833;6841.000000000;2;9411217799;B
20240117;101833;6841.500000000;1;9411217800;B
20240117;101834;6841.000000000;1;9411218106;S
20240117;101835;6841.000000000;2;9411218247;S
20240117;101840;6841.000000000;7;9411219408;S
20240117;101840;6841.000000000;1;9411219409;S
20240117;101840;6840.500000000;1;9411219410;S
20240117;101840;6840.500000000;2;9411219411;S
20240117;101840;6840.500000000;1;9411219412;B
20240117;101842;6840.500000000;2;9411219843;B
20240117;101842;6840.500000000;2;9411219886;B
20240117;101849;6840.500000000;14;9411221875;B
20240117;101854;6840.500000000;1;9411222820;S
20240117;101855;6841.000000000;3;9411223021;B
20240117;101855;6841.500000000;2;9411223022;B
20240117;101856;6841.500000000;3;9411223321;B
20240117;101856;6841.500000000;3;9411223431;B
20240117;101856;6842.000000000;2;9411223432;B
20240117;101857;6842.000000000;1;9411223507;S
20240117;101900;6842.000000000;30;9411224107;S
20240117;101908;6842.000000000;1;9411225794;S
20240117;101908;6842.500000000;1;9411225829;B
20240117;101908;6842.500000000;30;9411225830;B
20240117;101908;6843.000000000;22;9411225831;B
20240117;101908;6843.000000000;25;9411225832;B
20240117;101908;6843.000000000;30;9411225833;B
20240117;101908;6843.500000000;11;9411225834;B
20240117;101908;6843.500000000;2;9411225835;B
20240117;101908;6843.500000000;10;9411225836;B
20240117;101908;6844.000000000;1;9411225837;B
20240117;101908;6844.000000000;11;9411225838;B
20240117;101908;6844.500000000;7;9411225839;B
20240117;101911;6844.500000000;1;9411226564;B
20240117;101912;6844.500000000;1;9411226718;B
20240117;101914;6842.500000000;1;9411227248;S
20240117;101915;6844.000000000;1;9411227338;B
20240117;101920;6842.500000000;9;9411228247;S
20240117;101920;6842.500000000;3;9411228248;S
20240117;101920;6842.500000000;10;9411228249;S
20240117;101920;6842.500000000;2;9411228250;S
20240117;101920;6842.000000000;6;9411228251;S
20240117;101920;6844.000000000;5;9411228265;B
20240117;101920;6844.000000000;1;9411228391;B
20240117;101921;6842.500000000;10;9411228450;S
20240117;101921;6842.000000000;7;9411228451;S
20240117;101922;6844.000000000;1;9411228583;B
20240117;101922;6842.500000000;10;9411228705;S
20240117;101923;6844.000000000;1;9411228776;B
20240117;101925;6843.500000000;1;9411229366;B
20240117;101925;6843.500000000;7;9411229384;B
20240117;101925;6844.000000000;3;9411229385;B
20240117;101928;6842.500000000;2;9411229822;S
20240117;101928;6842.500000000;10;9411229823;S
20240117;101928;6842.000000000;1;9411229824;S
20240117;101928;6842.000000000;25;9411229825;S
20240117;101928;6842.000000000;5;9411229826;S
20240117;101928;6842.000000000;5;9411229827;S
20240117;101928;6842.000000000;1;9411229828;S
20240117;101928;6841.000000000;8;9411229829;S
20240117;101928;6841.000000000;9;9411229830;S
20240117;101928;6841.000000000;4;9411229831;S
20240117;101928;6840.500000000;2;9411229832;S
20240117;101928;6840.500000000;1;9411229833;S
20240117;101928;6840.500000000;1;9411229834;S
20240117;101928;6840.500000000;1;9411229835;S
20240117;101928;6840.000000000;15;9411229836;S
20240117;101928;6840.000000000;2;9411229837;S
20240117;101928;6840.000000000;88;9411229838;S
20240117;101928;6840.000000000;15;9411229839;S
20240117;101928;6839.500000000;51;9411229840;S
20240117;101928;6839.500000000;50;9411229841;S
20240117;101928;6839.500000000;6;9411229842;S
20240117;101928;6839.500000000;1;9411229843;S
20240117;101928;6839.500000000;36;9411229844;S
20240117;101928;6839.000000000;1;9411229845;S
20240117;101928;6839.000000000;10;9411229846;S
20240117;101928;6839.000000000;1;9411229847;S
20240117;101928;6839.000000000;7;9411229848;S
20240117;101928;6839.000000000;11;9411229849;S
20240117;101928;6839.000000000;60;9411229850;S
20240117;101928;6838.500000000;9;9411229851;S
20240117;101928;6840.500000000;1;9411230091;B
20240117;101929;6840.500000000;1;9411230132;B
20240117;101929;6838.000000000;2;9411230181;S
20240117;101932;6839.500000000;1;9411230649;B
20240117;101933;6838.500000000;1;9411230800;B
20240117;101937;6838.500000000;1;9411231283;B
20240117;101940;6838.000000000;2;9411231673;S
20240117;101940;6838.000000000;1;9411231674;S
20240117;101940;6838.000000000;1;9411231741;B
20240117;101941;6838.000000000;1;9411231758;B
20240117;101943;6838.000000000;1;9411232069;B
20240117;101946;6836.500000000;2;9411232399;S
20240117;101946;6836.000000000;1;9411232400;S
20240117;101947;6838.000000000;3;9411232524;B
20240117;101947;6838.000000000;1;9411232572;B
20240117;101948;6836.500000000;1;9411232775;S
20240117;101952;6838.000000000;20;9411233200;B
20240117;101953;6838.000000000;1;9411233317;B
20240117;101953;6838.000000000;1;9411233328;B
20240117;101953;6839.000000000;1;9411233338;B
20240117;101953;6839.000000000;1;9411233342;B
20240117;101959;6838.000000000;2;9411234318;S
20240117;102000;6838.000000000;8;9411234330;S
20240117;102000;6838.000000000;1;9411234331;S
20240117;102004;6838.000000000;3;9411234961;B
20240117;102005;6838.000000000;18;9411235050;B
20240117;102005;6838.000000000;1;9411235051;B
20240117;102005;6838.000000000;5;9411235052;B
20240117;102005;6839.000000000;2;9411235053;B
20240117;102005;6839.500000000;1;9411235054;B
20240117;102005;6839.500000000;3;9411235055;B
20240117;102005;6837.500000000;10;9411235093;S
20240117;102005;6837.500000000;2;9411235136;S
20240117;102010;6839.000000000;1;9411235749;B
20240117;102013;6839.000000000;4;9411236464;B
20240117;102013;6839.500000000;2;9411236465;B
20240117;102013;6839.500000000;10;9411236466;B
20240117;102013;6839.500000000;7;9411236467;B
20240117;102013;6840.000000000;1;9411236468;B
20240117;102013;6840.000000000;50;9411236469;B
20240117;102013;6840.000000000;7;9411236470;B
20240117;102013;6840.500000000;11;9411236471;B
20240117;102013;6841.000000000;8;9411236472;B
20240117;102016;6840.500000000;1;9411237046;B
20240117;102020;6840.500000000;10;9411237880;S
20240117;102020;6840.500000000;1;9411237881;S
20240117;102020;6840.000000000;2;9411237902;S
20240117;102022;6840.500000000;19;9411238351;B
20240117;102022;6841.000000000;1;9411238352;B
20240117;102023;6841.000000000;1;9411238659;B
20240117;102024;6841.000000000;2;9411238684;B
20240117;102024;6841.500000000;1;9411238685;B
20240117;102026;6840.500000000;1;9411239242;S
20240117;102026;6840.000000000;2;9411239243;S
20240117;102028;6841.500000000;4;9411239572;B
20240117;102030;6841.500000000;10;9411240054;B
20240117;102030;6842.000000000;1;9411240055;B
20240117;102030;6842.500000000;47;9411240056;B
20240117;102030;6843.000000000;3;9411240057;B
20240117;102030;6843.000000000;37;9411240058;B
20240117;102031;6842.000000000;2;9411240181;B
20240117;102032;6843.500000000;1;9411240304;B
20240117;102036;6843.500000000;1;9411240854;B
20240117;102040;6841.000000000;10;9411241339;S
20240117;102040;6841.000000000;1;9411241340;S
20240117;102040;6840.500000000;15;9411241341;S
20240117;102040;6840.500000000;4;9411241342;S
20240117;102040;6843.500000000;1;9411241439;B
20240117;102041;6843.500000000;2;9411241571;B
20240117;102042;6843.500000000;5;9411241792;B
20240117;102042;6843.500000000;11;9411241793;B
20240117;102043;6844.500000000;3;9411241895;B
20240117;102046;6844.000000000;5;9411242406;B
20240117;102048;6843.500000000;1;9411242631;S
20240117;102048;6843.500000000;2;9411242677;S
20240117;102049;6843.500000000;1;9411242971;S
20240117;102050;6843.500000000;1;9411242984;S
20240117;102050;6843.500000000;1;9411243013;S
20240117;102050;6843.500000000;1;9411243019;S
20240117;102050;6843.500000000;1;9411243046;S
20240117;102050;6843.500000000;1;9411243050;S
20240117;102050;6843.500000000;1;9411243063;S
20240117;102050;6843.500000000;1;9411243065;S
20240117;102050;6843.500000000;1;9411243097;S
20240117;102050;6843.500000000;1;9411243161;S
20240117;102051;6843.500000000;1;9411243196;S
20240117;102051;6843.500000000;1;9411243211;S
20240117;102051;6843.500000000;1;9411243213;S
20240117;102051;6843.500000000;1;9411243214;S
20240117;102051;6843.500000000;1;9411243216;S
20240117;102051;6843.500000000;1;9411243217;S
20240117;102051;6843.500000000;1;9411243218;S
20240117;102051;6843.500000000;1;9411243220;S
20240117;102051;6843.500000000;1;9411243252;S
20240117;102052;6843.500000000;1;9411243318;S
20240117;102052;6843.500000000;1;9411243348;S
20240117;102052;6843.500000000;1;9411243403;S
20240117;102052;6843.500000000;1;9411243409;S
20240117;102100;6843.500000000;30;9411244263;S
20240117;102100;6844.000000000;1;9411244310;B
20240117;102101;6844.000000000;1;9411244429;B
20240117;102103;6844.000000000;5;9411244626;B
20240117;102104;6844.000000000;1;9411244813;B
20240117;102106;6843.500000000;1;9411245113;S
20240117;102106;6843.000000000;2;9411245114;S
20240117;102111;6844.500000000;1;9411245722;B
20240117;102111;6844.000000000;1;9411245755;B
20240117;102115;6844.500000000;10;9411246077;B
20240117;102116;6844.500000000;1;9411246212;B
20240117;102120;6843.500000000;1;9411246861;S
20240117;102120;6843.500000000;5;9411246862;S
20240117;102120;6843.500000000;10;9411246863;S
20240117;102120;6843.000000000;14;9411246864;S
20240117;102124;6843.500000000;2;9411247403;S
20240117;102127;6844.000000000;1;9411247748;B
20240117;102131;6844.000000000;1;9411248771;B
20240117;102132;6844.000000000;4;9411249011;B
20240117;102133;6843.500000000;1;9411249401;S
20240117;102133;6843.000000000;39;9411249402;S
20240117;102136;6843.000000000;43;9411249924;S
20240117;102136;6843.000000000;1;9411249925;S
20240117;102136;6842.000000000;2;9411249926;S
20240117;102136;6841.500000000;10;9411249927;S
20240117;102136;6841.000000000;1;9411249928;S
20240117;102136;6841.000000000;25;9411249929;S
20240117;102136;6840.500000000;18;9411249930;S
20240117;102137;6842.000000000;1;9411250220;B
20240117;102137;6842.500000000;4;9411250221;B
20240117;102138;6843.000000000;1;9411250318;B
20240117;102140;6842.500000000;10;9411250538;S
20240117;102140;6842.000000000;1;9411250539;S
20240117;102140;6841.000000000;10;9411250540;S
20240117;102140;6840.500000000;9;9411250541;S
20240117;102140;6842.000000000;1;9411250579;B
20240117;102142;6842.500000000;10;9411251018;B
20240117;102142;6843.000000000;1;9411251019;B
20240117;102142;6843.000000000;18;9411251020;B
20240117;102142;6843.500000000;50;9411251021;B
20240117;102142;6844.000000000;1;9411251022;B
20240117;102143;6843.000000000;1;9411251178;B
20240117;102143;6843.000000000;2;9411251187;B
20240117;102145;6843.500000000;2;9411251472;B
20240117;102147;6843.500000000;1;9411251792;B
20240117;102148;6843.500000000;47;9411251943;B
20240117;102148;6843.500000000;1;9411251944;B
20240117;102148;6843.500000000;10;9411251945;B
20240117;102148;6844.000000000;4;9411251946;B
20240117;102148;6844.500000000;6;9411251947;B
20240117;102148;6844.500000000;2;9411251948;B
20240117;102159;6843.500000000;1;9411254206;B
20240117;102159;6843.500000000;1;9411254239;B
20240117;102200;6843.000000000;1;9411254306;S
20240117;102200;6842.000000000;29;9411254307;S
20240117;102204;6843.500000000;5;9411255162;B
20240117;102208;6842.000000000;1;9411256100;S
20240117;102208;6843.000000000;10;9411256138;B
20240117;102209;6843.500000000;1;9411256343;B
20240117;102211;6842.500000000;1;9411256751;B
20240117;102211;6843.000000000;4;9411256752;B
20240117;102219;6842.500000000;2;9411258300;S
20240117;102219;6842.500000000;50;9411258301;S
20240117;102219;6842.500000000;1;9411258302;S
20240117;102219;6842.000000000;2;9411258303;S
20240117;102220;6842.000000000;8;9411258355;S
20240117;102220;6842.000000000;2;9411258356;S
20240117;102220;6842.000000000;5;9411258357;S
20240117;102220;6842.000000000;15;9411258358;S
20240117;102221;6842.000000000;36;9411258716;S
20240117;102221;6842.000000000;10;9411258717;S
20240117;102221;6841.500000000;50;9411258718;S
20240117;102221;6840.500000000;2;9411258719;S
20240117;102225;6842.500000000;1;9411259553;B
20240117;102225;6842.500000000;2;9411259560;B
20240117;102225;6843.000000000;4;9411259565;B
20240117;102225;6843.000000000;3;9411259575;B
20240117;102225;6843.000000000;1;9411259579;B
20240117;102225;6843.000000000;1;9411259583;B
20240117;102225;6843.000000000;1;9411259584;B
20240117;102225;6843.000000000;6;9411259585;B
20240117;102225;6843.000000000;10;9411259586;B
20240117;102225;6843.500000000;24;9411259587;B
20240117;102225;6843.500000000;5;9411259592;B
20240117;102225;6843.500000000;4;9411259593;B
20240117;102225;6843.500000000;3;9411259594;B
20240117;102225;6843.500000000;1;9411259595;B
20240117;102225;6843.500000000;2;9411259596;B
20240117;102225;6843.500000000;1;9411259599;B
20240117;102225;6843.500000000;7;9411259600;B
20240117;102225;6843.500000000;2;9411259601;B
20240117;102225;6843.500000000;4;9411259602;B
20240117;102225;6843.500000000;7;9411259604;B
20240117;102225;6843.500000000;1;9411259605;B
20240117;102225;6843.500000000;1;9411259606;B
20240117;102225;6843.500000000;8;9411259607;B
20240117;102225;6843.500000000;1;9411259608;B
20240117;102225;6843.500000000;2;9411259610;B
20240117;102225;6843.500000000;2;9411259612;B
20240117;102225;6843.500000000;1;9411259614;B
20240117;102225;6843.500000000;3;9411259623;B
20240117;102225;6843.500000000;1;9411259626;B
20240117;102225;6843.500000000;1;9411259631;B
20240117;102225;6843.500000000;1;9411259633;B
20240117;102225;6843.500000000;1;9411259635;B
20240117;102225;6843.500000000;6;9411259636;B
20240117;102225;6843.500000000;10;9411259637;B
20240117;102225;6844.500000000;28;9411259638;B
20240117;102225;6844.500000000;10;9411259639;B
20240117;102225;6844.500000000;1;9411259640;B
20240117;102225;6844.000000000;3;9411259641;B
20240117;102227;6842.500000000;8;9411260023;S
20240117;102227;6842.000000000;10;9411260024;S
20240117;102228;6844.000000000;1;9411260203;B
20240117;102229;6844.500000000;99;9411260373;B
20240117;102229;6844.500000000;4;9411260374;B
20240117;102229;6844.500000000;1;9411260375;B
20240117;102229;6844.500000000;10;9411260376;B
20240117;102229;6845.000000000;1;9411260377;B
20240117;102229;6845.000000000;64;9411260378;B
20240117;102231;6845.000000000;1;9411260867;B
20240117;102240;6844.000000000;30;9411262733;S
20240117;102243;6845.000000000;10;9411263377;B
20240117;102244;6845.000000000;1;9411263554;B
20240117;102245;6844.000000000;20;9411263726;S
20240117;102246;6845.000000000;18;9411263984;B
20240117;102247;6845.000000000;1;9411264205;B
20240117;102247;6844.000000000;3;9411264230;S
20240117;102248;6845.000000000;3;9411264400;B
20240117;102249;6845.000000000;1;9411264584;B
20240117;102249;6845.000000000;3;9411264587;B
20240117;102300;6844.000000000;12;9411266965;S
20240117;102300;6844.000000000;2;9411266966;S
