<DATE>;<TIME>;<LAST>;<VOL>;<ID>;<OPER>
20240216;095944;7294.000000000;1;9618271386;B
20240216;095944;7294.000000000;5;9618271387;B
20240216;095944;7294.000000000;2;9618271388;B
20240216;095944;7294.000000000;1;9618271389;B
20240216;095944;7294.000000000;1;9618271390;B
20240216;095944;7294.000000000;10;9618271391;B
20240216;095944;7294.000000000;1;9618271392;B
20240216;095944;7294.000000000;2;9618271393;S
20240216;095944;7294.000000000;9;9618271394;S
20240216;095944;7294.000000000;1;9618271395;S
20240216;095944;7294.000000000;1;9618271396;B
20240216;095944;7294.000000000;1;9618271397;B
20240216;095944;7294.000000000;1;9618271398;B
20240216;095944;7294.000000000;1;9618271399;B
20240216;095944;7294.000000000;1;9618271400;B
20240216;095944;7294.000000000;1;9618271401;B
20240216;095944;7294.000000000;10;9618271402;B
20240216;095944;7294.000000000;1;9618271403;B
20240216;095944;7294.000000000;4;9618271404;B
20240216;095944;7294.000000000;3;9618271405;B
20240216;095944;7294.000000000;1;9618271406;S
20240216;095944;7294.000000000;4;9618271407;S
20240216;095944;7294.000000000;5;9618271408;S
20240216;095944;7294.000000000;13;9618271409;S
20240216;095944;7294.000000000;1;9618271410;B
20240216;095944;7294.000000000;1;9618271411;B
20240216;095944;7294.000000000;1;9618271412;B
20240216;095944;7294.000000000;2;9618271413;B
20240216;095944;7294.000000000;3;9618271414;S
20240216;095944;7294.000000000;1;9618271415;B
20240216;095944;7294.000000000;3;9618271416;B
20240216;095944;7294.000000000;1;9618271417;B
20240216;095944;7294.000000000;1;9618271418;B
20240216;095944;7294.000000000;4;9618271419;S
20240216;095944;7294.000000000;6;9618271420;S
20240216;095944;7294.000000000;1;9618271421;S
20240216;095944;7294.000000000;18;9618271422;B
20240216;095944;7294.000000000;2;9618271423;B
20240216;095944;7294.000000000;1;9618271424;B
20240216;095944;7294.000000000;4;9618271425;B
20240216;095944;7294.000000000;1;9618271426;B
20240216;095944;7294.000000000;1;9618271427;B
20240216;095944;7294.000000000;1;9618271428;B
20240216;095944;7294.000000000;1;9618271429;B
20240216;095944;7294.000000000;10;9618271430;B
20240216;095944;7294.000000000;1;9618271431;B
20240216;095944;7294.000000000;6;9618271432;B
20240216;095944;7294.000000000;34;9618271433;B
20240216;095944;7294.000000000;2;9618271434;B
20240216;095944;7294.000000000;1;9618271435;S
20240216;095944;7294.000000000;41;9618271436;S
20240216;095944;7294.000000000;1;9618271437;B
20240216;095944;7294.000000000;1;9618271438;S
20240216;095944;7294.000000000;2;9618271439;S
20240216;095944;7294.000000000;1;9618271440;S
20240216;095944;7294.000000000;4;9618271441;B
20240216;095944;7294.000000000;35;9618271442;S
20240216;095944;7294.000000000;50;9618271443;S
20240216;095944;7294.000000000;1;9618271444;S
20240216;095944;7294.000000000;27;9618271445;B
20240216;100000;7293.500000000;34;9618274981;B
20240216;100000;7293.500000000;3;9618274982;B
20240216;100000;7293.500000000;7;9618275016;B
20240216;100000;7294.000000000;43;9618275017;B
20240216;100000;7293.000000000;9;9618275062;B
20240216;100000;7293.500000000;1;9618275063;B
20240216;100000;7292.500000000;10;9618275128;B
20240216;100000;7293.000000000;10;9618275139;B
20240216;100000;7290.000000000;1;9618275217;S
20240216;100000;7290.000000000;49;9618275226;S
20240216;100000;7290.000000000;11;9618275227;S
20240216;100000;7290.000000000;12;9618275249;S
20240216;100000;7293.000000000;50;9618275252;B
20240216;100000;7290.000000000;60;9618275254;S
20240216;100001;7291.500000000;2;9618275889;B
20240216;100001;7291.500000000;8;9618275951;B
20240216;100001;7292.000000000;42;9618276121;B
20240216;100001;7292.000000000;8;9618276122;B
20240216;100001;7292.500000000;2;9618276130;B
20240216;100001;7292.500000000;42;9618276131;B
20240216;100001;7293.000000000;6;9618276132;B
20240216;100001;7292.500000000;10;9618276137;B
20240216;100001;7292.500000000;32;9618276138;B
20240216;100001;7293.000000000;6;9618276139;B
20240216;100001;7293.500000000;60;9618276166;B
20240216;100001;7293.500000000;10;9618276167;B
20240216;100001;7293.500000000;5;9618276168;B
20240216;100001;7293.500000000;37;9618276187;B
20240216;100001;7293.500000000;60;9618276188;B
20240216;100001;7293.500000000;10;9618276189;B
20240216;100001;7293.500000000;10;9618276196;S
20240216;100001;7294.000000000;5;9618276293;B
20240216;100001;7293.500000000;24;9618276294;S
20240216;100001;7294.000000000;8;9618276420;B
20240216;100001;7294.000000000;8;9618276426;B
20240216;100001;7294.000000000;4;9618276629;B
20240216;100002;7294.000000000;75;9618277149;B
20240216;100002;7294.000000000;1;9618277186;B
20240216;100003;7294.000000000;1;9618277580;B
20240216;100003;7294.000000000;32;9618277626;B
20240216;100004;7294.000000000;1;9618277932;B
20240216;100004;7294.000000000;6;9618278250;B
20240216;100005;7294.000000000;1;9618278727;B
20240216;100005;7293.500000000;2;9618278953;S
20240216;100005;7294.000000000;2;9618278955;B
20240216;100005;7293.500000000;1;9618279139;S
20240216;100005;7294.000000000;1;9618279140;B
20240216;100005;7294.000000000;1;9618279349;B
20240216;100005;7294.000000000;1;9618279350;B
20240216;100005;7294.000000000;10;9618279564;B
20240216;100006;7293.500000000;24;9618280041;S
20240216;100006;7293.500000000;9;9618280425;S
20240216;100006;7294.000000000;1;9618280428;B
20240216;100006;7294.000000000;2;9618280481;B
20240216;100006;7294.000000000;2;9618280496;B
20240216;100006;7294.000000000;30;9618280504;B
20240216;100006;7294.000000000;8;9618280521;B
20240216;100006;7294.000000000;3;9618280522;B
20240216;100006;7294.000000000;5;9618280523;B
20240216;100006;7294.000000000;1;9618280524;B
20240216;100006;7294.000000000;1;9618280525;B
20240216;100006;7294.000000000;9;9618280526;B
20240216;100006;7294.500000000;1;9618280537;B
20240216;100006;7294.500000000;1;9618280538;B
20240216;100006;7294.500000000;10;9618280539;B
20240216;100006;7294.500000000;28;9618280540;B
20240216;100006;7294.500000000;10;9618280542;B
20240216;100006;7294.500000000;1;9618280864;B
20240216;100006;7294.000000000;3;9618280991;S
20240216;100006;7293.500000000;1;9618280992;S
20240216;100007;7294.000000000;1;9618281462;B
20240216;100008;7294.500000000;1;9618282190;B
20240216;100009;7294.000000000;9;9618282697;B
20240216;100010;7294.000000000;2;9618283037;B
20240216;100010;7294.500000000;1;9618283081;B
20240216;100010;7293.500000000;1;9618283086;S
20240216;100010;7293.500000000;7;9618283170;S
20240216;100010;7294.500000000;1;9618283194;B
20240216;100010;7294.000000000;2;9618283293;B
20240216;100010;7294.000000000;40;9618283311;B
20240216;100010;7294.500000000;158;9618283312;B
20240216;100010;7294.500000000;1;9618283313;B
20240216;100010;7294.500000000;2;9618283314;B
20240216;100010;7294.500000000;5;9618283315;B
20240216;100010;7294.500000000;44;9618283316;B
20240216;100011;7294.500000000;1;9618283452;B
20240216;100011;7294.500000000;2;9618283539;B
20240216;100011;7294.500000000;2;9618283562;B
20240216;100011;7294.500000000;16;9618283564;B
20240216;100011;7294.500000000;1;9618283677;B
20240216;100011;7294.000000000;1;9618283694;S
20240216;100011;7294.500000000;1;9618283699;B
20240216;100011;7294.500000000;1;9618283700;B
20240216;100011;7294.500000000;1;9618283701;B
20240216;100011;7294.500000000;1;9618283715;B
20240216;100011;7294.500000000;1;9618283734;B
20240216;100011;7294.500000000;3;9618283826;B
20240216;100012;7294.500000000;1;9618283902;B
20240216;100012;7293.500000000;2;9618283915;S
20240216;100012;7294.500000000;7;9618284021;B
20240216;100013;7294.500000000;6;9618284234;B
20240216;100013;7295.000000000;14;9618284235;B
20240216;100013;7295.000000000;1;9618284236;B
20240216;100013;7295.000000000;4;9618284237;B
20240216;100013;7295.000000000;1;9618284270;B
20240216;100013;7295.000000000;1;9618284271;B
20240216;100013;7295.000000000;10;9618284272;B
20240216;100013;7295.000000000;12;9618284273;B
20240216;100014;7294.500000000;10;9618284454;S
20240216;100014;7294.500000000;10;9618284455;S
20240216;100014;7294.500000000;30;9618284456;S
20240216;100014;7294.500000000;30;9618284457;S
20240216;100014;7294.500000000;30;9618284458;S
20240216;100014;7294.500000000;30;9618284459;S
20240216;100014;7294.500000000;30;9618284460;S
20240216;100014;7294.500000000;10;9618284461;S
20240216;100014;7294.000000000;13;9618284462;S
20240216;100014;7294.000000000;7;9618284554;B
20240216;100014;7295.000000000;5;9618284555;B
20240216;100015;7295.000000000;275;9618284670;B
20240216;100016;7295.000000000;28;9618284954;B
20240216;100017;7294.000000000;4;9618285020;S
20240216;100017;7294.000000000;38;9618285053;S
20240216;100017;7294.000000000;10;9618285054;S
20240216;100017;7293.500000000;12;9618285055;S
20240216;100017;7295.000000000;100;9618285077;B
20240216;100017;7295.000000000;34;9618285080;B
20240216;100019;7295.000000000;2;9618285447;B
20240216;100020;7295.000000000;1;9618285694;B
20240216;100021;7295.000000000;28;9618285896;B
20240216;100021;7295.000000000;25;9618285930;B
20240216;100021;7295.000000000;23;9618285958;B
20240216;100021;7295.000000000;5;9618285980;B
20240216;100021;7295.000000000;34;9618285990;B
20240216;100021;7295.000000000;6;9618285997;B
20240216;100021;7295.000000000;100;9618286062;B
20240216;100022;7294.500000000;1;9618286118;S
20240216;100022;7295.000000000;100;9618286133;B
20240216;100025;7295.000000000;5;9618286542;B
20240216;100028;7295.000000000;10;9618287217;B
20240216;100030;7294.500000000;4;9618287556;S
20240216;100031;7295.000000000;250;9618287679;B
20240216;100033;7295.000000000;1;9618288256;B
20240216;100034;7294.500000000;2;9618288489;S
20240216;100035;7294.500000000;1;9618288616;S
20240216;100035;7295.000000000;1;9618288703;B
20240216;100036;7295.000000000;40;9618288759;B
20240216;100037;7294.500000000;2;9618289209;S
20240216;100037;7294.500000000;1;9618289210;S
20240216;100038;7294.500000000;1;9618289331;S
20240216;100038;7295.000000000;1;9618289412;B
20240216;100041;7295.000000000;1;9618289803;B
20240216;100041;7294.500000000;2;9618289835;S
20240216;100043;7294.500000000;1;9618290358;S
20240216;100044;7294.500000000;25;9618290403;S
20240216;100044;7294.500000000;1;9618290428;S
20240216;100047;7295.000000000;1;9618291188;B
20240216;100049;7294.500000000;2;9618291578;S
20240216;100051;7295.000000000;3;9618292238;B
20240216;100052;7294.500000000;1;9618292369;S
20240216;100054;7294.500000000;10;9618292785;S
20240216;100055;7295.000000000;33;9618293021;B
20240216;100055;7295.000000000;33;9618293029;B
20240216;100057;7295.000000000;24;9618293312;B
20240216;100057;7295.000000000;24;9618293332;B
20240216;100057;7295.000000000;61;9618293480;B
20240216;100057;7295.000000000;5;9618293575;B
20240216;100058;7295.000000000;1;9618293722;B
20240216;100059;7295.000000000;1;9618293893;B
20240216;100101;7295.000000000;2;9618294288;B
20240216;100102;7295.000000000;1;9618294471;B
20240216;100102;7294.500000000;113;9618294480;S
20240216;100102;7295.000000000;78;9618294525;B
20240216;100103;7294.500000000;27;9618294769;S
20240216;100103;7294.500000000;2;9618294788;S
20240216;100103;7295.000000000;15;9618294812;B
20240216;100104;7295.000000000;1;9618294888;B
20240216;100104;7294.500000000;3;9618294920;S
20240216;100105;7294.500000000;16;9618295116;S
20240216;100105;7294.500000000;14;9618295117;S
20240216;100106;7295.000000000;2;9618295365;B
20240216;100107;7295.000000000;1;9618295439;B
20240216;100107;7295.000000000;4;9618295481;B
20240216;100107;7295.000000000;5;9618295577;B
20240216;100108;7294.500000000;13;9618295686;S
20240216;100109;7294.500000000;1;9618295880;S
20240216;100110;7295.000000000;1;9618296011;B
20240216;100113;7294.500000000;1;9618296542;S
20240216;100113;7295.000000000;50;9618296580;B
20240216;100114;7295.000000000;10;9618296793;B
20240216;100115;7295.000000000;1;9618296973;B
20240216;100116;7295.000000000;10;9618297016;B
20240216;100116;7295.000000000;1;9618297064;B
20240216;100117;7295.000000000;270;9618297186;B
20240216;100118;7295.000000000;1;9618297361;B
20240216;100121;7295.000000000;12;9618297696;B
20240216;100122;7295.000000000;15;9618297828;B
20240216;100123;7295.000000000;1;9618297942;B
20240216;100124;7295.000000000;1;9618298023;B
20240216;100124;7295.000000000;4;9618298039;B
20240216;100125;7295.000000000;1;9618298181;B
20240216;100126;7295.000000000;1;9618298436;B
20240216;100128;7295.000000000;1;9618298761;B
20240216;100130;7295.000000000;20;9618298926;B
20240216;100130;7295.000000000;2;9618298970;B
20240216;100130;7295.000000000;100;9618299013;B
20240216;100132;7295.000000000;5;9618299173;B
20240216;100132;7295.000000000;250;9618299180;B
20240216;100132;7294.500000000;1;9618299192;S
20240216;100134;7294.500000000;1;9618299613;S
20240216;100134;7294.500000000;1;9618299614;S
20240216;100134;7294.500000000;1;9618299615;S
20240216;100134;7294.500000000;28;9618299616;S
20240216;100134;7294.500000000;4;9618299617;S
20240216;100134;7294.500000000;11;9618299618;S
20240216;100134;7294.500000000;1;9618299619;S
20240216;100134;7294.500000000;15;9618299620;S
20240216;100134;7294.500000000;20;9618299621;S
20240216;100134;7294.500000000;10;9618299622;S
20240216;100134;7294.500000000;26;9618299623;S
20240216;100134;7294.500000000;75;9618299624;S
20240216;100135;7294.500000000;25;9618299692;B
20240216;100136;7294.000000000;2;9618299913;S
20240216;100138;7294.500000000;32;9618300121;B
20240216;100138;7294.500000000;10;9618300122;B
20240216;100138;7294.500000000;25;9618300123;B
20240216;100138;7294.500000000;1;9618300124;B
20240216;100138;7294.500000000;10;9618300128;S
20240216;100138;7294.500000000;10;9618300129;S
20240216;100140;7294.500000000;10;9618300610;S
20240216;100140;7294.500000000;1;9618300629;S
20240216;100143;7294.500000000;6;9618301250;S
20240216;100144;7294.500000000;2;9618301370;S
20240216;100147;7294.500000000;3;9618301811;S
20240216;100147;7294.500000000;42;9618301867;S
20240216;100147;7295.000000000;1;9618301868;B
20240216;100147;7294.500000000;48;9618301873;S
20240216;100149;7294.500000000;1;9618302215;B
20240216;100150;7294.000000000;5;9618302494;S
20240216;100151;7294.500000000;3;9618302641;B
20240216;100151;7294.500000000;1;9618302741;B
20240216;100154;7294.000000000;2;9618303097;S
20240216;100156;7294.500000000;2;9618303441;B
20240216;100158;7294.000000000;1;9618303619;S
20240216;100159;7294.000000000;8;9618303839;S
20240216;100159;7294.000000000;2;9618303840;S
20240216;100200;7294.000000000;3;9618303870;S
20240216;100200;7293.500000000;10;9618303871;S
20240216;100200;7293.500000000;5;9618303872;S
20240216;100200;7292.000000000;32;9618303873;S
20240216;100201;7292.000000000;8;9618304074;S
20240216;100201;7290.500000000;10;9618304075;S
20240216;100201;7290.000000000;2;9618304076;S
20240216;100201;7292.500000000;7;9618304123;B
20240216;100201;7290.500000000;10;9618304124;S
20240216;100201;7290.000000000;15;9618304125;S
20240216;100201;7290.000000000;15;9618304126;S
20240216;100201;7290.000000000;10;9618304127;S
20240216;100203;7290.000000000;5;9618304304;S
20240216;100203;7290.000000000;25;9618304539;S
20240216;100203;7290.000000000;5;9618304540;S
20240216;100203;7290.000000000;10;9618304541;S
20240216;100203;7288.500000000;34;9618304542;S
20240216;100204;7288.000000000;1;9618304559;S
20240216;100208;7290.500000000;6;9618305089;B
20240216;100208;7290.500000000;4;9618305115;B
20240216;100209;7290.500000000;5;9618305277;B
20240216;100209;7291.500000000;20;9618305278;B
20240216;100210;7290.500000000;5;9618305390;B
20240216;100210;7291.500000000;22;9618305391;B
20240216;100210;7291.500000000;18;9618305392;B
20240216;100215;7290.500000000;1;9618306129;B
20240216;100218;7290.500000000;1;9618306574;B
20240216;100219;7289.500000000;10;9618306767;B
20240216;100219;7290.000000000;4;9618306768;B
20240216;100219;7290.000000000;1;9618306892;S
20240216;100221;7290.500000000;14;9618307287;B
20240216;100221;7290.000000000;1;9618307313;S
20240216;100221;7290.500000000;2;9618307324;B
20240216;100223;7290.500000000;2;9618307455;B
20240216;100223;7290.500000000;6;9618307464;B
20240216;100226;7291.000000000;1;9618307928;B
20240216;100228;7291.000000000;2;9618308093;B
20240216;100228;7290.500000000;6;9618308137;S
20240216;100229;7290.500000000;1;9618308250;S
20240216;100232;7291.000000000;1;9618308769;B
20240216;100233;7291.000000000;2;9618308884;B
20240216;100233;7293.000000000;10;9618308885;B
20240216;100233;7293.000000000;10;9618308886;B
20240216;100233;7293.500000000;2;9618308887;B
20240216;100233;7293.500000000;2;9618308888;B
20240216;100233;7293.500000000;10;9618308889;B
20240216;100233;7293.500000000;34;9618308890;B
20240216;100233;7294.000000000;1;9618308891;B
20240216;100233;7293.500000000;24;9618308892;B
20240216;100233;7293.500000000;10;9618308893;B
20240216;100238;7293.500000000;1;9618309554;B
20240216;100238;7291.500000000;10;9618309602;S
20240216;100241;7293.500000000;3;9618309945;B
20240216;100246;7293.000000000;1;9618310606;B
20240216;100246;7293.000000000;2;9618310624;B
20240216;100246;7291.000000000;1;9618310625;S
20240216;100247;7293.000000000;5;9618310681;B
20240216;100249;7291.000000000;13;9618310856;S
20240216;100250;7292.500000000;10;9618311055;B
20240216;100250;7293.000000000;12;9618311056;B
20240216;100250;7293.000000000;10;9618311057;B
20240216;100250;7293.500000000;10;9618311058;B
20240216;100250;7294.000000000;1;9618311059;B
20240216;100250;7294.000000000;10;9618311060;B
20240216;100250;7294.000000000;3;9618311061;B
20240216;100253;7291.000000000;2;9618311394;S
20240216;100255;7291.000000000;20;9618311635;S
20240216;100300;7292.500000000;2;9618312393;B
20240216;100301;7292.500000000;8;9618312667;B
20240216;100302;7292.500000000;1;9618312800;B
20240216;100303;7292.500000000;1;9618312956;B
20240216;100306;7292.500000000;8;9618313414;B
20240216;100306;7293.000000000;17;9618313415;B
20240216;100306;7293.500000000;1;9618313490;B
20240216;100308;7293.500000000;1;9618313756;B
20240216;100308;7293.500000000;2;9618313757;B
20240216;100310;7293.000000000;50;9618313982;S
20240216;100310;7293.500000000;3;9618314039;B
20240216;100312;7293.500000000;1;9618314320;B
20240216;100313;7293.000000000;3;9618314594;S
20240216;100314;7293.500000000;10;9618314645;B
20240216;100314;7293.000000000;100;9618314689;S
20240216;100315;7293.500000000;1;9618314838;B
20240216;100315;7293.000000000;7;9618314850;S
20240216;100316;7293.500000000;2;9618315064;B
20240216;100317;7293.000000000;5;9618315120;S
20240216;100317;7293.000000000;2;9618315247;S
20240216;100318;7293.000000000;18;9618315437;S
20240216;100318;7292.000000000;5;9618315438;S
20240216;100319;7292.000000000;1;9618315561;B
20240216;100320;7291.500000000;2;9618315679;S
20240216;100320;7291.500000000;4;9618315680;S
20240216;100320;7291.000000000;4;9618315681;S
20240216;100321;7291.000000000;6;9618315771;S
20240216;100324;7291.500000000;5;9618316332;B
20240216;100328;7291.000000000;10;9618316924;S
20240216;100328;7291.000000000;2;9618316925;S
20240216;100331;7290.500000000;10;9618317241;S
20240216;100335;7291.000000000;1;9618317678;B
20240216;100335;7291.500000000;9;9618317679;B
20240216;100336;7292.000000000;1;9618317765;B
20240216;100338;7292.500000000;1;9618318106;B
20240216;100339;7290.500000000;1;9618318246;S
20240216;100342;7292.000000000;1;9618318681;B
20240216;100345;7290.500000000;1;9618319216;S
20240216;100347;7292.000000000;14;9618319335;B
20240216;100347;7292.000000000;3;9618319336;B
20240216;100347;7292.500000000;3;9618319337;B
20240216;100347;7290.500000000;1;9618319467;S
20240216;100351;7292.000000000;1;9618319911;B
20240216;100351;7290.500000000;7;9618320011;S
20240216;100351;7290.500000000;50;9618320012;S
20240216;100401;7292.000000000;5;9618321271;B
20240216;100404;7290.500000000;10;9618321583;S
20240216;100404;7290.500000000;4;9618321584;S
20240216;100405;7290.500000000;5;9618321697;B
20240216;100406;7290.500000000;2;9618321843;B
20240216;100409;7290.000000000;61;9618322249;S
20240216;100409;7290.000000000;1;9618322250;S
20240216;100409;7290.000000000;28;9618322251;S
20240216;100411;7290.000000000;2;9618322518;S
20240216;100416;7290.000000000;110;9618323328;S
20240216;100417;7290.000000000;1;9618323434;S
20240216;100419;7290.000000000;9;9618323840;S
20240216;100419;7290.000000000;80;9618323841;S
20240216;100419;7290.000000000;80;9618323842;S
20240216;100421;7290.000000000;1;9618324361;S
20240216;100422;7290.000000000;1;9618324465;S
20240216;100424;7290.000000000;9;9618324796;S
20240216;100424;7290.500000000;19;9618324817;B
20240216;100427;7290.000000000;1;9618325119;S
20240216;100429;7290.500000000;25;9618325673;B
20240216;100429;7290.500000000;1;9618325692;B
20240216;100430;7290.500000000;5;9618325738;B
20240216;100432;7290.000000000;1;9618326052;S
20240216;100434;7290.500000000;10;9618326285;B
20240216;100434;7290.500000000;10;9618326331;B
20240216;100435;7290.000000000;1;9618326373;S
20240216;100436;7290.000000000;6;9618326563;S
20240216;100436;7290.000000000;10;9618326564;S
20240216;100436;7290.000000000;34;9618326565;S
20240216;100439;7290.000000000;2;9618326992;S
20240216;100439;7290.500000000;4;9618327008;B
20240216;100440;7290.000000000;14;9618327044;S
20240216;100445;7290.000000000;10;9618327841;S
20240216;100445;7290.000000000;6;9618327842;S
20240216;100445;7289.500000000;6;9618327843;S
20240216;100448;7290.000000000;1;9618328349;B
20240216;100448;7290.500000000;19;9618328350;B
20240216;100455;7289.500000000;1;9618329457;S
20240216;100456;7290.000000000;1;9618329724;B
20240216;100459;7289.500000000;3;9618330119;S
20240216;100459;7289.500000000;2;9618330120;S
20240216;100501;7289.500000000;6;9618330472;B
20240216;100503;7289.500000000;1;9618330809;B
20240216;100503;7290.000000000;1;9618330817;B
20240216;100505;7290.000000000;5;9618331254;B
20240216;100512;7290.000000000;1;9618332442;B
20240216;100513;7289.500000000;4;9618332562;S
20240216;100518;7289.500000000;6;9618333503;S
20240216;100518;7289.000000000;13;9618333504;S
20240216;100518;7289.000000000;2;9618333528;S
20240216;100518;7289.000000000;10;9618333529;S
20240216;100518;7288.500000000;9;9618333530;S
20240216;100520;7289.000000000;1;9618333883;S
20240216;100520;7289.500000000;5;9618333892;B
20240216;100520;7289.500000000;1;9618333893;B
20240216;100521;7289.500000000;3;9618333921;B
20240216;100521;7289.000000000;3;9618334059;S
20240216;100524;7289.500000000;1;9618334485;S
20240216;100524;7289.500000000;1;9618334549;S
20240216;100525;7290.000000000;10;9618334691;B
20240216;100526;7290.000000000;3;9618334840;B
20240216;100526;7290.000000000;1;9618334888;B
20240216;100528;7290.000000000;7;9618335190;B
20240216;100530;7290.000000000;2;9618335340;B
20240216;100532;7289.500000000;7;9618335713;S
20240216;100532;7288.500000000;5;9618335714;S
20240216;100532;7288.000000000;2;9618335715;S
20240216;100532;7288.000000000;35;9618335716;S
20240216;100532;7288.000000000;4;9618335717;S
20240216;100532;7288.000000000;1;9618335718;S
20240216;100532;7287.000000000;50;9618335719;S
20240216;100532;7287.000000000;7;9618335720;S
20240216;100532;7286.500000000;10;9618335721;S
20240216;100532;7286.500000000;15;9618335722;S
20240216;100532;7286.500000000;10;9618335723;S
20240216;100532;7286.000000000;10;9618335724;S
20240216;100532;7286.000000000;27;9618335725;S
20240216;100533;7286.000000000;10;9618335922;S
20240216;100533;7286.000000000;10;9618335923;S
20240216;100537;7288.500000000;1;9618336485;B
20240216;100541;7288.500000000;2;9618336877;B
20240216;100541;7288.500000000;2;9618336925;B
20240216;100543;7288.000000000;2;9618337297;S
20240216;100543;7288.000000000;5;9618337298;S
20240216;100543;7287.500000000;42;9618337299;S
20240216;100543;7287.000000000;51;9618337300;S
20240216;100544;7288.500000000;1;9618337385;B
20240216;100550;7286.000000000;3;9618338216;S
20240216;100551;7287.500000000;10;9618338302;B
20240216;100551;7287.500000000;10;9618338323;B
20240216;100553;7287.500000000;1;9618338544;B
20240216;100557;7287.500000000;1;9618338969;B
20240216;100601;7286.500000000;1;9618339597;B
20240216;100602;7286.500000000;2;9618339734;B
20240216;100603;7286.500000000;3;9618339851;B
20240216;100604;7286.000000000;1;9618339910;S
20240216;100604;7285.500000000;2;9618339929;S
20240216;100604;7285.500000000;10;9618339930;B
20240216;100610;7285.500000000;1;9618340810;B
20240216;100610;7285.500000000;1;9618340888;B
20240216;100612;7285.000000000;1;9618341023;S
20240216;100612;7285.000000000;9;9618341036;S
20240216;100612;7284.500000000;1;9618341037;S
20240216;100612;7284.500000000;2;9618341150;S
20240216;100612;7284.500000000;4;9618341151;S
20240216;100612;7284.500000000;10;9618341152;S
20240216;100612;7284.000000000;14;9618341153;S
20240216;100614;7284.500000000;1;9618341521;B
20240216;100616;7284.500000000;3;9618341818;B
20240216;100616;7284.500000000;4;9618341819;B
20240216;100616;7284.500000000;6;9618341820;B
20240216;100618;7284.000000000;1;9618342241;S
20240216;100623;7284.500000000;10;9618342759;B
20240216;100623;7284.500000000;10;9618342828;B
20240216;100623;7285.000000000;35;9618342829;B
20240216;100623;7285.000000000;4;9618342830;B
20240216;100623;7285.000000000;6;9618342831;B
20240216;100623;7285.000000000;5;9618342832;B
20240216;100623;7284.500000000;4;9618342900;S
20240216;100624;7284.500000000;6;9618342954;S
20240216;100624;7284.500000000;10;9618342955;S
20240216;100624;7284.500000000;8;9618342956;S
20240216;100626;7284.500000000;42;9618343179;S
20240216;100626;7284.500000000;8;9618343180;S
20240216;100626;7285.000000000;1;9618343233;B
20240216;100630;7284.500000000;10;9618343929;S
20240216;100630;7284.500000000;10;9618343930;S
20240216;100630;7284.500000000;10;9618343931;S
20240216;100631;7284.500000000;10;9618344219;S
20240216;100631;7284.000000000;3;9618344220;S
20240216;100631;7284.000000000;10;9618344221;S
20240216;100631;7284.000000000;1;9618344222;S
20240216;100631;7284.000000000;26;9618344223;S
20240216;100632;7285.000000000;5;9618344398;B
20240216;100632;7285.000000000;4;9618344399;B
20240216;100632;7285.000000000;16;9618344400;B
20240216;100633;7284.000000000;2;9618344684;S
20240216;100634;7285.500000000;1;9618344813;B
20240216;100636;7284.500000000;10;9618345124;S
20240216;100636;7284.500000000;4;9618345125;S
20240216;100636;7284.500000000;10;9618345126;S
20240216;100636;7284.000000000;46;9618345127;S
20240216;100638;7285.000000000;1;9618345336;B
20240216;100639;7284.500000000;10;9618345441;S
20240216;100639;7284.500000000;4;9618345442;S
20240216;100639;7284.000000000;23;9618345443;S
20240216;100639;7285.000000000;3;9618345499;B
20240216;100640;7285.000000000;4;9618345722;B
20240216;100644;7284.500000000;2;9618346557;S
20240216;100654;7284.500000000;1;9618348441;S
20240216;100655;7284.500000000;1;9618348481;S
20240216;100655;7285.000000000;6;9618348514;B
20240216;100700;7285.500000000;47;9618349271;B
20240216;100702;7286.000000000;2;9618349577;B
20240216;100704;7286.000000000;2;9618349850;B
20240216;100704;7285.500000000;1;9618349883;S
20240216;100707;7286.000000000;1;9618350130;B
20240216;100708;7285.500000000;1;9618350217;S
20240216;100708;7285.500000000;3;9618350279;S
20240216;100709;7286.000000000;2;9618350458;B
20240216;100709;7286.500000000;1;9618350459;B
20240216;100709;7286.500000000;4;9618350460;B
20240216;100709;7286.500000000;50;9618350461;B
20240216;100709;7287.000000000;10;9618350462;B
20240216;100709;7288.000000000;6;9618350463;B
20240216;100709;7288.000000000;27;9618350464;B
20240216;100713;7287.500000000;1;9618350924;B
20240216;100716;7287.500000000;3;9618351385;B
20240216;100717;7286.000000000;4;9618351410;S
20240216;100717;7286.000000000;6;9618351411;S
20240216;100728;7286.500000000;10;9618353025;S
20240216;100728;7286.000000000;4;9618353026;S
20240216;100728;7286.000000000;42;9618353027;S
20240216;100728;7286.000000000;10;9618353028;S
20240216;100728;7285.500000000;34;9618353029;S
20240216;100728;7285.500000000;10;9618353030;S
20240216;100728;7285.000000000;60;9618353031;S
20240216;100728;7285.000000000;15;9618353032;S
20240216;100728;7285.000000000;1;9618353033;S
20240216;100728;7285.000000000;10;9618353034;S
20240216;100728;7284.500000000;5;9618353035;S
20240216;100728;7284.500000000;84;9618353036;S
20240216;100728;7284.000000000;1;9618353037;S
20240216;100728;7284.000000000;10;9618353038;S
20240216;100728;7284.000000000;60;9618353039;S
20240216;100728;7283.500000000;200;9618353040;S
20240216;100728;7283.500000000;1;9618353041;S
20240216;100728;7283.500000000;5;9618353042;S
20240216;100728;7283.000000000;100;9618353043;S
20240216;100728;7283.000000000;1;9618353044;S
20240216;100728;7283.000000000;10;9618353045;S
20240216;100728;7282.500000000;2;9618353046;S
20240216;100728;7282.500000000;1;9618353047;S
20240216;100728;7282.500000000;4;9618353048;S
20240216;100728;7282.500000000;1;9618353049;S
20240216;100728;7282.500000000;1;9618353050;S
20240216;100728;7282.500000000;1;9618353051;S
20240216;100728;7282.500000000;4;9618353052;S
20240216;100728;7282.500000000;5;9618353053;S
20240216;100728;7282.500000000;4;9618353054;S
20240216;100728;7282.500000000;2;9618353055;S
20240216;100728;7282.500000000;42;9618353056;S
20240216;100728;7283.500000000;10;9618353068;S
20240216;100728;7283.000000000;10;9618353069;S
20240216;100728;7283.000000000;10;9618353070;S
20240216;100728;7283.000000000;34;9618353071;S
20240216;100728;7282.500000000;58;9618353072;S
20240216;100728;7282.500000000;1;9618353073;S
20240216;100728;7282.500000000;5;9618353074;S
20240216;100728;7282.500000000;1;9618353075;S
20240216;100728;7282.500000000;1;9618353076;S
20240216;100728;7282.500000000;1;9618353077;S
20240216;100728;7282.500000000;5;9618353078;S
20240216;100728;7282.500000000;10;9618353079;S
20240216;100728;7282.500000000;4;9618353080;S
20240216;100728;7282.000000000;1;9618353081;S
20240216;100728;7282.000000000;1;9618353082;S
20240216;100728;7282.000000000;10;9618353083;S
20240216;100728;7282.000000000;3;9618353084;S
20240216;100728;7282.000000000;1;9618353085;S
20240216;100728;7282.000000000;24;9618353086;S
20240216;100728;7282.000000000;10;9618353087;S
20240216;100728;7281.500000000;5;9618353088;S
20240216;100728;7281.500000000;15;9618353089;S
20240216;100728;7280.500000000;1;9618353090;S
20240216;100728;7280.500000000;5;9618353091;S
20240216;100728;7280.500000000;24;9618353092;S
20240216;100728;7284.000000000;10;9618353096;B
20240216;100728;7284.000000000;2;9618353144;B
20240216;100729;7284.000000000;5;9618353199;B
20240216;100729;7283.500000000;10;9618353270;S
20240216;100729;7283.000000000;4;9618353271;S
20240216;100729;7283.000000000;10;9618353272;S
20240216;100729;7281.500000000;42;9618353273;S
20240216;100729;7281.000000000;10;9618353274;S
20240216;100729;7281.000000000;34;9618353275;S
20240216;100729;7280.500000000;10;9618353276;S
20240216;100729;7280.500000000;5;9618353277;S
20240216;100729;7280.000000000;10;9618353278;S
20240216;100729;7280.000000000;10;9618353279;S
20240216;100729;7280.000000000;2;9618353280;S
20240216;100729;7280.000000000;10;9618353281;S
20240216;100729;7280.000000000;1;9618353282;S
20240216;100729;7280.000000000;1;9618353283;S
20240216;100729;7280.000000000;3;9618353284;S
20240216;100729;7280.000000000;50;9618353285;S
20240216;100729;7280.000000000;5;9618353286;S
20240216;100730;7281.000000000;10;9618353458;S
20240216;100730;7280.500000000;50;9618353459;S
20240216;100730;7280.000000000;4;9618353460;S
20240216;100730;7279.500000000;7;9618353461;S
20240216;100732;7283.000000000;3;9618353761;B
20240216;100732;7280.000000000;1;9618353787;S
20240216;100733;7283.000000000;1;9618353913;B
20240216;100733;7283.000000000;6;9618353916;B
20240216;100733;7283.000000000;19;9618353917;B
20240216;100733;7282.500000000;10;9618353918;B
20240216;100735;7285.000000000;4;9618354158;B
20240216;100739;7284.500000000;10;9618354820;B
20240216;100739;7284.500000000;10;9618354821;B
20240216;100739;7285.000000000;2;9618354822;B
20240216;100739;7285.000000000;50;9618354823;B
20240216;100739;7285.500000000;34;9618354824;B
20240216;100739;7285.500000000;10;9618354825;B
20240216;100739;7285.500000000;3;9618354826;B
20240216;100739;7285.500000000;4;9618354827;B
20240216;100740;7286.000000000;10;9618354954;B
20240216;100740;7286.500000000;10;9618354955;B
20240216;100740;7286.500000000;4;9618354956;B
20240216;100740;7287.000000000;3;9618354957;B
20240216;100742;7285.500000000;1;9618355337;S
20240216;100751;7285.500000000;2;9618356565;S
20240216;100752;7286.500000000;1;9618356631;B
20240216;100753;7285.500000000;5;9618356751;S
20240216;100754;7286.500000000;3;9618356970;B
20240216;100755;7286.500000000;1;9618357018;B
20240216;100755;7286.500000000;1;9618357024;B
20240216;100759;7285.500000000;7;9618357536;S
20240216;100800;7286.500000000;1;9618357595;B
20240216;100801;7286.500000000;1;9618357807;B
20240216;100804;7286.500000000;4;9618358121;B
20240216;100804;7286.500000000;4;9618358122;B
20240216;100804;7287.000000000;50;9618358123;B
20240216;100804;7287.000000000;10;9618358124;B
20240216;100804;7288.000000000;3;9618358125;B
20240216;100805;7287.000000000;10;9618358239;B
20240216;100805;7287.000000000;9;9618358328;S
20240216;100805;7287.000000000;1;9618358329;S
20240216;100805;7286.500000000;4;9618358330;S
20240216;100806;7288.000000000;1;9618358423;B
20240216;100808;7287.000000000;1;9618358700;B
20240216;100810;7287.000000000;9;9618358975;B
20240216;100810;7287.000000000;4;9618358976;B
20240216;100810;7287.000000000;10;9618358977;B
20240216;100812;7288.500000000;10;9618359260;B
20240216;100812;7289.000000000;1;9618359261;B
20240216;100813;7289.000000000;20;9618359382;B
20240216;100816;7287.500000000;4;9618359684;S
20240216;100816;7287.500000000;42;9618359685;S
20240216;100816;7287.500000000;10;9618359686;S
20240216;100816;7287.000000000;106;9618359687;S
20240216;100822;7288.000000000;3;9618360653;S
20240216;100824;7288.000000000;12;9618360889;S
20240216;100824;7288.000000000;1;9618360890;S
20240216;100824;7287.500000000;4;9618360891;S
20240216;100824;7287.500000000;42;9618360892;S
20240216;100824;7287.000000000;10;9618360893;S
20240216;100826;7288.000000000;4;9618361151;B
20240216;100826;7288.500000000;2;9618361152;B
20240216;100827;7287.500000000;1;9618361267;S
20240216;100828;7288.000000000;2;9618361322;S
20240216;100828;7288.500000000;4;9618361411;B
20240216;100829;7288.000000000;6;9618361554;S
20240216;100831;7288.000000000;4;9618361817;S
20240216;100831;7287.500000000;4;9618361818;S
20240216;100832;7288.000000000;10;9618362005;S
20240216;100832;7287.500000000;36;9618362006;S
20240216;100832;7287.500000000;4;9618362007;S
20240216;100833;7287.500000000;2;9618362179;S
20240216;100834;7288.500000000;1;9618362242;B
20240216;100834;7288.000000000;1;9618362300;B
20240216;100837;7288.000000000;3;9618362627;B
20240216;100837;7287.500000000;20;9618362647;S
20240216;100837;7287.500000000;1;9618362648;S
20240216;100837;7287.500000000;4;9618362649;S
20240216;100837;7287.000000000;115;9618362650;S
20240216;100839;7287.000000000;15;9618362978;S
20240216;100840;7287.500000000;1;9618363154;B
20240216;100848;7287.000000000;1;9618364561;S
20240216;100850;7287.000000000;5;9618364717;S
20240216;100850;7287.500000000;1;9618364746;B
20240216;100850;7287.000000000;2;9618364803;S
20240216;100852;7287.500000000;1;9618365049;B
20240216;100853;7287.000000000;9;9618365184;S
20240216;100859;7287.500000000;1;9618366019;B
20240216;100903;7287.500000000;1;9618366662;B
20240216;100904;7287.500000000;15;9618366764;B
20240216;100913;7287.500000000;1;9618367704;B
20240216;100913;7287.000000000;2;9618367739;S
20240216;100914;7287.000000000;2;9618367796;S
20240216;100917;7287.000000000;2;9618368163;S
20240216;100918;7287.000000000;183;9618368214;S
20240216;100918;7287.500000000;5;9618368260;B
20240216;100920;7287.500000000;2;9618368431;B
20240216;100922;7287.000000000;1;9618368764;S
20240216;100923;7287.500000000;1;9618368828;B
20240216;100923;7287.500000000;24;9618368849;B
20240216;100923;7287.500000000;10;9618368850;B
20240216;100923;7287.500000000;34;9618368851;B
20240216;100923;7287.500000000;6;9618368852;B
20240216;100923;7288.000000000;3;9618368853;B
20240216;100923;7288.000000000;10;9618368854;B
20240216;100923;7288.000000000;13;9618368855;B
20240216;100923;7287.500000000;10;9618368856;S
20240216;100923;7287.500000000;20;9618368857;S
20240216;100926;7287.000000000;7;9618369159;S
20240216;100928;7287.000000000;1;9618369455;S
20240216;100929;7287.000000000;2;9618369538;S
20240216;100933;7287.500000000;6;9618369932;B
20240216;100934;7287.500000000;2;9618370108;B
20240216;100935;7287.500000000;2;9618370247;B
20240216;100935;7287.500000000;1;9618370248;B
20240216;100942;7287.500000000;1;9618371073;B
20240216;100942;7287.500000000;3;9618371102;B
20240216;100943;7287.500000000;3;9618371164;B
20240216;100945;7287.500000000;1;9618371286;B
20240216;100946;7287.000000000;10;9618371378;S
20240216;100949;7287.000000000;50;9618371748;S
20240216;100950;7287.500000000;1;9618371831;B
20240216;100952;7287.500000000;1;9618372653;B
20240216;100952;7287.500000000;4;9618372654;B
20240216;100952;7287.000000000;66;9618372878;S
20240216;100953;7287.500000000;1;9618373466;B
20240216;100959;7287.500000000;2;9618374615;B
20240216;101004;7287.500000000;2;9618375232;B
20240216;101004;7287.000000000;20;9618375258;S
20240216;101004;7287.000000000;29;9618375263;S
20240216;101004;7287.000000000;11;9618375264;S
20240216;101004;7287.000000000;16;9618375268;S
20240216;101008;7287.500000000;2;9618375754;B
20240216;101010;7287.500000000;1;9618375860;B
20240216;101013;7287.000000000;25;9618376354;S
20240216;101014;7287.500000000;1;9618376468;B
20240216;101015;7287.000000000;2;9618376674;S
20240216;101016;7287.000000000;27;9618376723;S
20240216;101020;7287.500000000;4;9618377382;B
20240216;101022;7287.500000000;6;9618377599;B
20240216;101023;7287.000000000;24;9618377658;S
20240216;101023;7287.500000000;2;9618377757;B
20240216;101028;7287.500000000;3;9618378353;B
20240216;101033;7287.000000000;4;9618379004;S
20240216;101035;7287.000000000;10;9618379310;S
20240216;101035;7287.000000000;5;9618379316;S
20240216;101036;7287.500000000;3;9618379405;B
20240216;101037;7287.500000000;73;9618379566;B
20240216;101037;7287.500000000;1;9618379567;B
20240216;101037;7287.500000000;2;9618379568;B
20240216;101037;7287.500000000;17;9618379569;B
20240216;101037;7288.000000000;3;9618379570;B
20240216;101037;7288.000000000;6;9618379571;B
20240216;101037;7288.000000000;38;9618379572;B
20240216;101037;7287.500000000;10;9618379573;B
20240216;101041;7287.000000000;1;9618380174;S
20240216;101042;7287.000000000;1;9618380182;S
20240216;101043;7287.000000000;50;9618380435;S
20240216;101044;7287.500000000;1;9618380502;B
20240216;101047;7287.000000000;2;9618380729;S
20240216;101047;7287.500000000;2;9618380769;B
20240216;101048;7287.500000000;1;9618380850;B
20240216;101052;7287.000000000;3;9618381210;S
20240216;101053;7287.000000000;3;9618381290;S
20240216;101054;7287.500000000;2;9618381383;B
20240216;101056;7287.000000000;1;9618381618;S
20240216;101101;7287.000000000;2;9618382163;S
20240216;101103;7287.000000000;10;9618382358;S
20240216;101103;7287.500000000;1;9618382389;B
20240216;101106;7287.500000000;1;9618382752;B
20240216;101108;7287.000000000;1;9618382925;S
20240216;101109;7287.000000000;5;9618383086;S
20240216;101111;7287.000000000;68;9618383360;S
20240216;101112;7287.500000000;1;9618383439;B
20240216;101113;7287.500000000;2;9618383581;B
20240216;101118;7287.000000000;1;9618384378;S
20240216;101118;7287.500000000;2;9618384382;B
20240216;101118;7287.500000000;10;9618384383;B
20240216;101120;7288.000000000;1;9618384547;B
20240216;101120;7288.000000000;2;9618384557;B
20240216;101120;7288.000000000;7;9618384592;B
20240216;101120;7288.000000000;3;9618384593;B
20240216;101120;7287.500000000;2;9618384621;S
20240216;101120;7287.500000000;8;9618384622;S
20240216;101124;7287.500000000;1;9618385016;S
20240216;101124;7287.500000000;3;9618385017;S
20240216;101127;7287.500000000;3;9618385501;B
20240216;101127;7287.500000000;1;9618385523;B
20240216;101130;7287.000000000;3;9618386081;S
20240216;101130;7287.000000000;1;9618386118;S
20240216;101130;7287.500000000;1;9618386121;B
20240216;101131;7287.000000000;1;9618386272;S
20240216;101131;7287.000000000;42;9618386287;S
20240216;101134;7287.000000000;42;9618386700;S
20240216;101135;7287.000000000;1;9618386712;S
20240216;101138;7287.500000000;37;9618387135;B
20240216;101138;7287.500000000;34;9618387136;B
20240216;101138;7287.500000000;50;9618387137;B
20240216;101138;7287.500000000;10;9618387138;B
20240216;101138;7287.500000000;10;9618387139;B
20240216;101138;7288.000000000;15;9618387140;B
20240216;101139;7287.000000000;1;9618387187;S
20240216;101139;7287.500000000;2;9618387288;B
20240216;101140;7287.000000000;60;9618387364;S
20240216;101140;7287.000000000;24;9618387366;S
20240216;101140;7287.000000000;1;9618387394;S
20240216;101141;7287.500000000;2;9618387616;B
20240216;101142;7287.000000000;11;9618387636;S
20240216;101142;7287.000000000;5;9618387638;S
20240216;101142;7287.000000000;1;9618387639;S
20240216;101146;7287.000000000;1;9618388162;S
20240216;101146;7287.000000000;1;9618388163;S
20240216;101146;7287.000000000;7;9618388164;S
20240216;101146;7287.000000000;2;9618388165;S
20240216;101146;7287.000000000;5;9618388166;S
20240216;101146;7287.000000000;14;9618388167;S
20240216;101146;7287.000000000;1;9618388168;S
20240216;101146;7287.000000000;9;9618388169;S
20240216;101146;7286.500000000;1;9618388170;S
20240216;101146;7286.000000000;3;9618388171;S
20240216;101149;7285.500000000;1;9618388538;S
20240216;101152;7285.500000000;1;9618388875;S
20240216;101153;7286.000000000;1;9618388974;B
20240216;101156;7285.500000000;2;9618389359;S
20240216;101159;7286.000000000;30;9618389854;B
20240216;101159;7286.000000000;7;9618389855;B
20240216;101159;7286.000000000;3;9618389856;B
20240216;101200;7285.500000000;6;9618389974;S
20240216;101200;7285.500000000;1;9618389975;S
20240216;101200;7285.500000000;3;9618389976;S
20240216;101200;7285.500000000;6;9618389977;S
20240216;101202;7285.500000000;10;9618390316;B
20240216;101203;7285.000000000;1;9618390468;S
20240216;101203;7285.500000000;4;9618390519;B
20240216;101203;7285.500000000;6;9618390520;B
20240216;101205;7285.000000000;10;9618390760;S
20240216;101205;7285.500000000;1;9618390787;B
20240216;101210;7285.500000000;8;9618391547;B
20240216;101210;7286.000000000;14;9618391548;B
20240216;101210;7286.000000000;2;9618391549;B
20240216;101210;7286.500000000;7;9618391550;B
20240216;101210;7287.000000000;9;9618391551;B
20240216;101210;7287.000000000;8;9618391559;B
20240216;101211;7287.000000000;3;9618391607;B
20240216;101213;7286.000000000;1;9618391868;S
20240216;101214;7286.000000000;1;9618391992;B
20240216;101215;7285.500000000;10;9618392078;S
20240216;101215;7285.500000000;8;9618392079;S
20240216;101222;7286.000000000;3;9618393153;B
20240216;101222;7286.000000000;1;9618393154;B
20240216;101222;7287.000000000;2;9618393159;B
20240216;101223;7287.000000000;1;9618393322;B
20240216;101223;7287.000000000;3;9618393325;B
20240216;101223;7288.500000000;1;9618393334;B
20240216;101225;7289.000000000;3;9618393484;B
20240216;101227;7287.500000000;1;9618393769;S
20240216;101228;7287.500000000;2;9618393814;S
20240216;101229;7287.500000000;18;9618393959;S
20240216;101229;7287.500000000;4;9618393984;S
20240216;101229;7289.000000000;1;9618393986;B
20240216;101233;7287.500000000;1;9618394438;S
20240216;101236;7287.500000000;19;9618394723;S
20240216;101236;7287.500000000;10;9618394724;S
20240216;101236;7287.500000000;7;9618394725;S
20240216;101239;7287.500000000;2;9618395121;B
20240216;101239;7287.500000000;4;9618395126;B
20240216;101239;7287.000000000;4;9618395179;S
20240216;101239;7287.000000000;12;9618395180;S
20240216;101239;7286.500000000;50;9618395181;S
20240216;101239;7286.000000000;1;9618395182;S
20240216;101239;7286.000000000;3;9618395183;S
20240216;101239;7286.000000000;10;9618395184;S
20240216;101239;7285.500000000;50;9618395185;S
20240216;101239;7285.500000000;25;9618395186;S
20240216;101239;7285.500000000;1;9618395187;S
20240216;101239;7285.000000000;94;9618395188;S
20240216;101241;7287.000000000;1;9618395372;B
20240216;101243;7285.500000000;1;9618395575;S
20240216;101257;7287.500000000;1;9618397315;B
20240216;101259;7287.000000000;1;9618397502;S
20240216;101259;7287.000000000;1;9618397514;S
20240216;101259;7287.000000000;1;9618397515;S
20240216;101259;7287.000000000;1;9618397516;S
20240216;101259;7287.000000000;1;9618397517;S
20240216;101259;7287.000000000;3;9618397518;S
20240216;101259;7287.000000000;3;9618397519;S
20240216;101259;7287.000000000;5;9618397521;S
20240216;101259;7287.000000000;1;9618397522;S
20240216;101259;7287.000000000;1;9618397523;S
20240216;101259;7286.500000000;1;9618397524;S
20240216;101259;7286.000000000;8;9618397525;S
20240216;101259;7286.000000000;3;9618397527;S
20240216;101259;7286.000000000;1;9618397528;S
20240216;101301;7287.000000000;1;9618397837;B
20240216;101301;7287.000000000;7;9618397838;B
20240216;101301;7287.500000000;52;9618397839;B
20240216;101302;7287.500000000;5;9618397945;B
20240216;101305;7287.500000000;1;9618398285;B
20240216;101309;7287.500000000;10;9618398656;B
20240216;101309;7287.500000000;3;9618398657;B
20240216;101309;7288.000000000;7;9618398658;B
20240216;101309;7288.500000000;10;9618398659;B
20240216;101310;7286.500000000;1;9618398834;S
20240216;101310;7286.500000000;2;9618398851;S
20240216;101311;7288.000000000;1;9618398919;B
20240216;101311;7288.000000000;9;9618398948;B
20240216;101311;7288.000000000;6;9618398949;B
20240216;101316;7288.000000000;2;9618399378;B
20240216;101317;7288.000000000;2;9618399489;B
20240216;101317;7287.500000000;2;9618399553;S
20240216;101318;7288.000000000;6;9618399643;B
20240216;101318;7288.000000000;50;9618399644;B
20240216;101318;7288.000000000;7;9618399645;B
20240216;101318;7288.500000000;30;9618399646;B
20240216;101318;7289.000000000;32;9618399647;B
20240216;101318;7289.000000000;15;9618399648;B
20240216;101318;7289.000000000;10;9618399649;B
20240216;101322;7289.000000000;3;9618400195;B
20240216;101322;7288.000000000;1;9618400271;S
20240216;101323;7289.000000000;1;9618400448;B
20240216;101330;7289.000000000;9;9618401026;B
20240216;101332;7289.500000000;1;9618401278;B
20240216;101333;7289.500000000;1;9618401358;B
20240216;101334;7289.000000000;3;9618401459;S
20240216;101335;7289.000000000;8;9618401594;S
20240216;101336;7289.000000000;1;9618401678;S
20240216;101337;7289.500000000;4;9618401775;B
20240216;101338;7289.500000000;1;9618402010;B
20240216;101338;7289.000000000;3;9618402084;S
20240216;101339;7289.000000000;1;9618402093;S
20240216;101340;7289.500000000;1;9618402354;B
20240216;101340;7289.500000000;1;9618402355;B
20240216;101345;7289.500000000;5;9618403407;B
20240216;101346;7289.500000000;30;9618403501;B
20240216;101346;7289.000000000;1;9618403587;S
20240216;101347;7289.000000000;1;9618403658;S
20240216;101348;7289.500000000;9;9618403812;B
20240216;101348;7289.000000000;22;9618403837;S
20240216;101349;7289.500000000;5;9618403910;B
20240216;101349;7290.000000000;19;9618403911;B
20240216;101349;7290.000000000;5;9618403912;B
20240216;101349;7290.000000000;1;9618403913;B
20240216;101349;7290.000000000;9;9618403914;B
20240216;101349;7290.000000000;1;9618403915;B
20240216;101349;7290.000000000;4;9618403916;B
20240216;101349;7290.000000000;5;9618403917;B
20240216;101349;7290.000000000;1;9618403918;B
20240216;101350;7289.000000000;2;9618404015;S
20240216;101350;7289.000000000;1;9618404035;S
20240216;101359;7290.000000000;3;9618405071;B
20240216;101400;7290.000000000;1;9618405341;B
20240216;101401;7290.000000000;2;9618405440;B
20240216;101403;7289.000000000;1;9618405703;S
20240216;101404;7290.000000000;2;9618405725;B
20240216;101404;7289.500000000;1;9618405743;B
20240216;101404;7290.000000000;2;9618405744;B
20240216;101405;7290.000000000;1;9618405891;B
20240216;101408;7289.500000000;2;9618406208;S
20240216;101410;7289.500000000;1;9618406343;S
20240216;101411;7290.000000000;3;9618406528;B
20240216;101416;7289.500000000;2;9618407044;S
20240216;101417;7290.000000000;1;9618407199;B
20240216;101418;7290.000000000;3;9618407399;B
20240216;101421;7290.000000000;1;9618407815;B
20240216;101430;7290.000000000;1;9618409032;B
20240216;101430;7290.000000000;3;9618409036;B
20240216;101432;7290.000000000;1;9618409267;B
20240216;101433;7290.000000000;10;9618409350;B
20240216;101435;7290.000000000;15;9618409598;B
20240216;101435;7290.000000000;1;9618409599;B
20240216;101435;7290.000000000;1;9618409600;B
20240216;101435;7290.000000000;20;9618409601;B
20240216;101435;7290.000000000;13;9618409602;B
20240216;101437;7290.000000000;17;9618409829;B
20240216;101437;7290.000000000;5;9618409830;B
20240216;101437;7290.000000000;2;9618409831;B
20240216;101437;7290.000000000;175;9618409832;B
20240216;101438;7290.000000000;1;9618409931;B
20240216;101440;7289.500000000;1;9618410152;S
20240216;101440;7289.500000000;1;9618410228;S
20240216;101440;7290.000000000;1;9618410396;B
20240216;101441;7290.000000000;1;9618410502;B
20240216;101442;7290.000000000;2;9618410599;B
20240216;101443;7290.000000000;3;9618410791;B
20240216;101444;7290.000000000;1;9618410833;B
20240216;101445;7290.000000000;1;9618411002;B
20240216;101446;7289.500000000;2;9618411140;S
20240216;101446;7289.500000000;1;9618411141;S
20240216;101446;7290.000000000;7;9618411204;B
20240216;101447;7290.000000000;2;9618411328;B
20240216;101450;7289.500000000;2;9618411806;S
20240216;101450;7289.500000000;6;9618411807;S
20240216;101450;7289.500000000;10;9618411808;S
20240216;101450;7289.500000000;7;9618411809;S
20240216;101450;7289.000000000;5;9618411810;S
20240216;101450;7289.000000000;1;9618411811;S
20240216;101450;7289.000000000;1;9618411812;S
20240216;101450;7289.000000000;14;9618411813;S
20240216;101450;7289.000000000;15;9618411814;S
20240216;101450;7288.500000000;2;9618411815;S
20240216;101455;7289.500000000;5;9618412373;S
20240216;101459;7290.000000000;2;9618412919;B
20240216;101459;7290.000000000;10;9618412954;B
20240216;101500;7290.000000000;2;9618413080;B
20240216;101500;7289.500000000;1;9618413204;S
20240216;101501;7289.500000000;1;9618413219;S
20240216;101501;7289.500000000;1;9618413263;S
20240216;101501;7289.500000000;1;9618413316;S
20240216;101502;7289.500000000;22;9618413469;S
20240216;101502;7290.000000000;1;9618413486;B
20240216;101505;7290.000000000;53;9618414045;B
20240216;101505;7290.000000000;37;9618414056;B
20240216;101505;7290.000000000;1;9618414057;B
20240216;101505;7290.000000000;2;9618414058;B
20240216;101508;7289.000000000;1;9618415223;S
20240216;101512;7288.500000000;3;9618415969;S
20240216;101514;7289.000000000;1;9618416183;B
20240216;101521;7289.000000000;4;9618417247;B
20240216;101521;7288.500000000;1;9618417424;S
20240216;101522;7289.000000000;1;9618417454;B
20240216;101522;7289.000000000;3;9618417539;B
20240216;101522;7289.000000000;1;9618417569;B
20240216;101528;7289.000000000;1;9618418387;B
20240216;101531;7289.000000000;1;9618419086;B
20240216;101531;7289.000000000;1;9618419098;B
20240216;101533;7289.500000000;2;9618419418;B
20240216;101533;7289.500000000;1;9618419455;B
20240216;101537;7290.000000000;22;9618420130;B
20240216;101539;7290.000000000;1;9618420509;B
20240216;101541;7289.000000000;1;9618420899;S
20240216;101541;7289.500000000;1;9618420933;B
20240216;101541;7289.500000000;7;9618420934;B
20240216;101541;7289.500000000;7;9618420935;B
20240216;101542;7289.500000000;1;9618421117;B
20240216;101544;7289.000000000;1;9618421475;S
20240216;101550;7289.500000000;9;9618422387;B
20240216;101551;7290.000000000;5;9618422538;B
20240216;101551;7290.000000000;3;9618422539;B
20240216;101553;7289.000000000;10;9618423048;S
20240216;101553;7288.500000000;4;9618423049;S
20240216;101556;7288.000000000;1;9618423571;S
20240216;101558;7288.500000000;1;9618423932;B
20240216;101601;7289.500000000;1;9618424545;B
20240216;101602;7288.000000000;16;9618424923;S
20240216;101603;7288.500000000;1;9618424989;B
20240216;101604;7288.000000000;1;9618425279;S
20240216;101607;7288.000000000;1;9618425782;S
20240216;101610;7288.500000000;1;9618426136;B
20240216;101610;7288.000000000;1;9618426162;S
20240216;101612;7288.500000000;3;9618426433;B
20240216;101612;7288.000000000;15;9618426591;S
20240216;101612;7288.000000000;15;9618426592;S
20240216;101613;7289.000000000;1;9618426687;B
20240216;101614;7289.000000000;2;9618426951;B
20240216;101614;7289.000000000;3;9618426952;B
20240216;101618;7289.000000000;1;9618427763;S
20240216;101621;7289.500000000;1;9618428135;B
20240216;101621;7289.500000000;3;9618428208;B
20240216;101624;7289.500000000;1;9618428713;B
20240216;101624;7289.500000000;1;9618428729;S
20240216;101625;7289.500000000;1;9618428975;S
20240216;101626;7290.000000000;3;9618429099;B
20240216;101627;7290.000000000;1;9618429219;B
20240216;101627;7290.000000000;1;9618429220;B
20240216;101627;7290.000000000;1;9618429221;B
20240216;101627;7290.000000000;399;9618429222;B
20240216;101628;7290.000000000;1;9618429346;B
20240216;101629;7289.500000000;11;9618429511;S
20240216;101629;7289.500000000;50;9618429512;S
20240216;101629;7289.500000000;2;9618429513;S
20240216;101630;7290.000000000;1;9618429589;B
20240216;101632;7290.000000000;1;9618429990;B
20240216;101634;7289.500000000;1;9618430309;S
20240216;101637;7289.500000000;1;9618430665;S
20240216;101640;7290.000000000;3;9618431040;B
20240216;101640;7289.500000000;1;9618431111;S
20240216;101641;7290.000000000;2;9618431329;B
20240216;101642;7290.000000000;1;9618431413;B
20240216;101642;7289.500000000;1;9618431452;S
20240216;101642;7290.000000000;3;9618431527;B
20240216;101644;7289.500000000;5;9618431800;S
20240216;101646;7290.000000000;40;9618432114;B
20240216;101646;7290.000000000;5;9618432145;B
20240216;101649;7289.500000000;1;9618432515;S
20240216;101649;7290.000000000;1;9618432742;B
20240216;101650;7290.000000000;1;9618432940;B
20240216;101651;7290.000000000;4;9618433035;B
20240216;101651;7289.500000000;1;9618433062;S
20240216;101651;7289.500000000;1;9618433104;S
20240216;101651;7289.500000000;1;9618433115;S
20240216;101652;7290.000000000;5;9618433281;B
20240216;101652;7290.000000000;1;9618433311;B
20240216;101653;7289.500000000;2;9618433368;S
20240216;101653;7289.500000000;5;9618433369;S
20240216;101653;7289.500000000;5;9618433370;S
20240216;101653;7289.500000000;14;9618433371;S
20240216;101653;7289.500000000;1;9618433390;S
20240216;101653;7289.500000000;1;9618433467;S
20240216;101658;7290.000000000;1;9618434188;B
20240216;101658;7290.000000000;6;9618434232;B
20240216;101700;7290.000000000;10;9618434574;B
20240216;101700;7290.000000000;6;9618434668;B
20240216;101701;7289.500000000;1;9618434720;S
20240216;101701;7289.500000000;1;9618434769;S
20240216;101701;7290.000000000;2;9618434828;B
20240216;101702;7289.500000000;15;9618434952;S
20240216;101704;7290.000000000;1;9618435177;B
20240216;101704;7290.000000000;1187;9618435229;B
20240216;101704;7290.000000000;1;9618435230;B
20240216;101704;7290.000000000;1;9618435231;B
20240216;101704;7290.000000000;10;9618435232;B
20240216;101705;7290.000000000;1;9618435461;B
20240216;101706;7290.000000000;1;9618435633;B
20240216;101709;7290.000000000;1;9618435871;B
20240216;101709;7290.000000000;12;9618435888;B
20240216;101709;7289.500000000;2;9618435958;S
20240216;101711;7290.000000000;2;9618436138;B
20240216;101711;7290.000000000;1;9618436244;B
20240216;101712;7289.500000000;1;9618436261;S
20240216;101712;7290.000000000;1;9618436307;B
20240216;101713;7290.000000000;18;9618436510;B
20240216;101713;7290.000000000;85;9618436558;B
20240216;101713;7290.000000000;21;9618436559;B
20240216;101714;7290.000000000;1;9618436681;B
20240216;101715;7289.500000000;8;9618436736;S
20240216;101715;7289.500000000;4;9618436737;S
20240216;101715;7289.500000000;88;9618436738;S
20240216;101715;7290.000000000;1;9618436742;B
20240216;101715;7289.500000000;1;9618436822;S
20240216;101716;7290.000000000;1;9618436910;B
20240216;101717;7290.000000000;1;9618437050;B
20240216;101719;7289.500000000;22;9618437454;S
20240216;101719;7290.000000000;1;9618437467;B
20240216;101720;7289.500000000;1;9618437630;S
20240216;101722;7290.000000000;1;9618437909;B
20240216;101722;7290.000000000;1;9618438049;B
20240216;101724;7289.500000000;1;9618438340;S
20240216;101724;7289.500000000;1;9618438341;S
20240216;101724;7289.500000000;1;9618438355;S
20240216;101726;7289.500000000;11;9618438662;S
20240216;101726;7289.500000000;1;9618438677;S
20240216;101727;7289.500000000;1;9618438971;S
20240216;101727;7289.500000000;1;9618439066;S
20240216;101727;7290.000000000;1;9618439074;B
20240216;101728;7289.500000000;1;9618439340;S
20240216;101730;7289.500000000;2;9618439683;S
20240216;101730;7289.500000000;1;9618439698;S
20240216;101730;7289.500000000;14;9618439717;S
20240216;101733;7289.500000000;6;9618440211;S
20240216;101736;7290.000000000;1;9618440611;B
20240216;101737;7289.500000000;1;9618440899;S
20240216;101737;7289.500000000;10;9618440939;S
20240216;101742;7289.500000000;2;9618441851;S
20240216;101742;7290.000000000;2;9618441870;B
20240216;101745;7290.000000000;1;9618442357;B
20240216;101746;7289.500000000;1;9618442509;S
20240216;101747;7290.000000000;1;9618442578;B
20240216;101749;7289.500000000;3;9618443081;S
20240216;101749;7289.500000000;1;9618443082;S
20240216;101749;7290.000000000;1;9618443128;B
20240216;101752;7289.500000000;2;9618443729;S
20240216;101752;7289.500000000;5;9618443775;S
20240216;101753;7290.000000000;21;9618443792;B
20240216;101753;7290.000000000;2;9618443932;B
20240216;101756;7290.000000000;20;9618444392;B
20240216;101800;7289.500000000;1;9618444981;S
20240216;101800;7290.000000000;5;9618445027;B
20240216;101801;7289.500000000;1;9618445138;S
20240216;101801;7289.500000000;1;9618445211;S
20240216;101803;7290.000000000;1;9618445505;B
20240216;101805;7289.500000000;3;9618446043;S
20240216;101806;7290.000000000;1;9618446181;B
20240216;101807;7290.000000000;1;9618446335;B
20240216;101807;7290.000000000;1;9618446381;B
20240216;101809;7290.000000000;7;9618446743;B
20240216;101809;7290.000000000;3;9618446812;B
20240216;101811;7290.000000000;4;9618447068;B
20240216;101815;7290.000000000;5;9618447815;B
20240216;101819;7290.000000000;1;9618448624;B
20240216;101822;7290.000000000;8;9618449019;B
20240216;101825;7289.500000000;1;9618449568;S
20240216;101825;7289.500000000;4;9618449569;S
20240216;101827;7290.000000000;100;9618450265;B
20240216;101828;7289.500000000;1;9618450309;S
20240216;101828;7289.500000000;1;9618450448;S
20240216;101830;7290.000000000;1;9618450864;B
20240216;101830;7289.500000000;1;9618451017;S
20240216;101831;7289.500000000;1;9618451146;S
20240216;101836;7289.500000000;1;9618452603;S
20240216;101838;7290.000000000;12;9618452821;B
20240216;101842;7290.000000000;48;9618453423;B
20240216;101842;7290.000000000;1;9618453428;B
20240216;101844;7290.000000000;6;9618454425;B
20240216;101845;7289.500000000;1;9618454715;S
20240216;101846;7290.000000000;1;9618454737;B
20240216;101847;7290.000000000;19;9618454869;B
20240216;101848;7289.500000000;1;9618455102;S
20240216;101849;7289.500000000;1;9618455182;S
20240216;101851;7290.000000000;1;9618455583;B
20240216;101852;7290.000000000;1;9618455900;B
20240216;101852;7290.000000000;6;9618456046;B
20240216;101852;7290.000000000;10;9618456047;B
20240216;101852;7290.000000000;10;9618456048;B
20240216;101852;7290.000000000;1;9618456049;B
20240216;101852;7290.000000000;9;9618456050;B
20240216;101852;7290.000000000;38;9618456051;B
20240216;101853;7290.000000000;1;9618456144;B
20240216;101854;7290.000000000;1;9618456390;B
20240216;101854;7290.000000000;1;9618456391;B
20240216;101854;7289.500000000;1;9618456393;S
20240216;101858;7290.000000000;1;9618457062;B
20240216;101901;7290.000000000;1;9618457638;B
20240216;101902;7290.000000000;1;9618457680;B
20240216;101902;7290.000000000;1;9618457689;B
20240216;101905;7290.000000000;1;9618458108;B
20240216;101905;7290.000000000;1;9618458144;B
20240216;101906;7290.000000000;2;9618458180;B
20240216;101906;7290.000000000;3;9618458280;B
20240216;101907;7290.000000000;1;9618458330;B
20240216;101909;7290.000000000;6;9618458735;B
20240216;101910;7290.000000000;22;9618458949;B
20240216;101910;7290.000000000;10;9618458950;B
20240216;101910;7290.000000000;306;9618458951;B
20240216;101910;7290.000000000;8;9618458952;B
20240216;101910;7290.000000000;4;9618458953;B
20240216;101910;7290.000000000;10;9618458954;B
20240216;101912;7290.000000000;1;9618459336;B
20240216;101913;7290.000000000;1;9618459504;B
20240216;101914;7290.000000000;2;9618459579;B
20240216;101914;7290.000000000;15;9618459769;B
20240216;101915;7289.500000000;2;9618459929;S
20240216;101920;7290.000000000;1;9618460878;B
20240216;101921;7290.000000000;1;9618461014;B
20240216;101924;7289.500000000;1;9618461374;S
20240216;101924;7289.500000000;1;9618461542;S
20240216;101926;7289.500000000;1;9618461799;S
20240216;101926;7289.500000000;4;9618461827;S
20240216;101926;7289.500000000;11;9618461828;S
20240216;101926;7289.500000000;1;9618461829;S
20240216;101927;7290.000000000;80;9618462087;B
20240216;101927;7290.000000000;2;9618462123;B
20240216;101928;7289.500000000;1;9618462160;S
20240216;101929;7289.500000000;3;9618462271;S
20240216;101929;7290.000000000;32;9618462282;B
20240216;101929;7290.000000000;10;9618462298;B
20240216;101929;7290.000000000;1;9618462307;B
20240216;101929;7290.000000000;23;9618462366;B
20240216;101930;7290.000000000;3;9618462412;B
20240216;101930;7289.500000000;2;9618462533;S
20240216;101933;7290.000000000;1;9618462945;B
20240216;101933;7289.500000000;1;9618463104;S
20240216;101934;7290.000000000;1;9618463196;B
20240216;101934;7290.000000000;14;9618463206;B
20240216;101934;7290.000000000;1;9618463281;B
20240216;101936;7290.000000000;1;9618463510;B
20240216;101936;7290.000000000;6;9618463648;B
20240216;101938;7289.500000000;1;9618464011;S
20240216;101939;7290.000000000;1;9618464127;B
20240216;101939;7290.000000000;25;9618464190;B
20240216;101940;7290.000000000;5;9618464252;B
20240216;101940;7289.500000000;31;9618464351;S
20240216;101940;7289.500000000;1;9618464352;S
20240216;101940;7289.500000000;2;9618464353;S
20240216;101940;7289.500000000;2;9618464354;S
20240216;101940;7289.500000000;25;9618464355;S
20240216;101940;7290.000000000;1;9618464392;B
20240216;101942;7289.500000000;3;9618464763;S
20240216;101942;7289.500000000;12;9618464777;S
20240216;101942;7289.500000000;1;9618464778;S
20240216;101942;7289.500000000;2;9618464779;S
20240216;101943;7289.500000000;4;9618464823;S
20240216;101943;7290.000000000;2;9618464910;B
20240216;101945;7290.000000000;1;9618465147;B
20240216;101949;7290.000000000;1;9618465903;B
20240216;101950;7289.500000000;11;9618466173;S
20240216;101950;7289.500000000;12;9618466174;S
20240216;101953;7290.000000000;61;9618466663;B
20240216;101953;7290.000000000;158;9618466664;B
20240216;101953;7290.000000000;40;9618466665;B
20240216;101953;7290.000000000;3;9618466666;B
20240216;101953;7290.000000000;5;9618466667;B
20240216;101954;7290.000000000;1;9618466788;B
20240216;101954;7290.000000000;3;9618466799;B
20240216;101954;7290.000000000;3;9618466800;B
20240216;101954;7290.000000000;2;9618466816;B
20240216;101954;7290.500000000;5;9618466817;B
20240216;101954;7290.500000000;4;9618466870;B
20240216;101954;7290.500000000;2;9618466878;B
20240216;101954;7290.500000000;1;9618466898;B
20240216;101955;7290.500000000;2;9618466919;B
20240216;101956;7290.500000000;9;9618467139;B
20240216;101956;7290.500000000;2;9618467168;B
20240216;101956;7290.500000000;1;9618467190;B
20240216;102007;7292.000000000;3;9618469140;B
20240216;102008;7291.500000000;50;9618469172;S
20240216;102008;7291.500000000;50;9618469173;S
20240216;102008;7291.000000000;11;9618469174;S
20240216;102008;7291.500000000;7;9618469255;B
20240216;102008;7291.500000000;3;9618469263;B
20240216;102008;7291.500000000;9;9618469264;B
20240216;102008;7291.500000000;1;9618469265;B
20240216;102008;7292.000000000;58;9618469266;B
20240216;102014;7292.000000000;34;9618471432;B
20240216;102015;7291.500000000;1;9618471546;S
20240216;102015;7291.500000000;1;9618471547;S
20240216;102016;7292.000000000;1;9618471681;B
20240216;102016;7292.000000000;1;9618471724;B
20240216;102016;7291.500000000;2;9618471815;S
20240216;102017;7292.000000000;3;9618471849;B
20240216;102017;7292.000000000;1;9618471850;B
20240216;102018;7293.000000000;3;9618473159;B
20240216;102018;7293.000000000;1;9618474242;B
20240216;102020;7292.500000000;7;9618474994;S
20240216;102020;7292.500000000;5;9618475258;S
20240216;102020;7292.000000000;5;9618475259;S
20240216;102020;7293.000000000;1;9618475276;B
20240216;102025;7293.000000000;2;9618476334;B
20240216;102032;7293.000000000;4;9618478931;B
20240216;102033;7292.500000000;2;9618478943;S
20240216;102036;7292.500000000;1;9618480193;S
20240216;102036;7292.500000000;1;9618480256;S
20240216;102037;7292.500000000;2;9618481560;S
20240216;102039;7292.500000000;7;9618481850;S
20240216;102043;7292.500000000;14;9618484206;S
20240216;102044;7293.000000000;4;9618484404;B
20240216;102044;7293.000000000;6;9618484405;B
20240216;102047;7293.000000000;1;9618485010;B
20240216;102047;7293.000000000;5;9618485281;B
20240216;102049;7293.000000000;9;9618485599;B
20240216;102049;7293.000000000;1;9618485600;B
20240216;102050;7293.000000000;2;9618485912;B
20240216;102051;7292.500000000;5;9618486010;S
20240216;102053;7293.000000000;2;9618486891;B
20240216;102054;7293.000000000;6;9618487305;B
20240216;102055;7293.000000000;9;9618487468;B
20240216;102055;7293.000000000;2;9618487469;B
20240216;102055;7293.000000000;8;9618487483;B
20240216;102056;7293.000000000;22;9618488268;B
20240216;102056;7293.000000000;10;9618488269;B
20240216;102056;7293.000000000;1;9618488270;B
20240216;102056;7293.000000000;6;9618488271;B
20240216;102056;7293.000000000;1;9618488272;B
20240216;102056;7293.000000000;10;9618488273;B
20240216;102056;7293.000000000;2;9618488274;B
20240216;102056;7293.000000000;1;9618488275;B
20240216;102056;7293.500000000;6;9618488276;B
20240216;102056;7293.000000000;1;9618488329;S
20240216;102057;7293.000000000;9;9618488570;S
20240216;102057;7293.000000000;15;9618488571;S
20240216;102057;7293.000000000;50;9618488572;S
20240216;102057;7293.000000000;17;9618488573;S
20240216;102057;7293.000000000;25;9618488592;S
20240216;102057;7293.000000000;50;9618488593;S
20240216;102057;7293.000000000;6;9618488594;S
20240216;102057;7293.000000000;10;9618488595;S
20240216;102057;7293.000000000;9;9618488596;S
20240216;102058;7293.000000000;3;9618489436;B
20240216;102059;7292.500000000;1;9618489546;S
20240216;102101;7293.000000000;39;9618490258;B
20240216;102101;7293.500000000;25;9618490259;B
20240216;102101;7293.500000000;50;9618490260;B
20240216;102101;7293.500000000;4;9618490261;B
20240216;102101;7294.000000000;50;9618490262;B
20240216;102101;7294.000000000;1;9618490263;B
20240216;102101;7294.000000000;7;9618490264;B
20240216;102101;7294.000000000;1;9618490265;B
20240216;102101;7294.000000000;24;9618490266;B
20240216;102101;7294.000000000;5;9618490267;B
20240216;102101;7294.000000000;60;9618490268;B
20240216;102101;7294.000000000;3;9618490269;B
20240216;102101;7294.000000000;1;9618490270;B
20240216;102101;7294.000000000;9;9618490271;B
20240216;102101;7294.500000000;1;9618490272;B
20240216;102101;7294.500000000;28;9618490303;B
20240216;102101;7294.500000000;1;9618490304;B
20240216;102101;7294.500000000;11;9618490305;B
20240216;102101;7294.000000000;2;9618490364;S
20240216;102101;7294.000000000;40;9618490423;S
20240216;102101;7294.500000000;1;9618490435;B
20240216;102102;7294.000000000;5;9618491136;S
20240216;102103;7294.500000000;100;9618491241;B
20240216;102103;7294.500000000;1;9618491269;B
20240216;102103;7294.500000000;20;9618491350;B
20240216;102104;7294.500000000;1;9618491471;B
20240216;102104;7294.500000000;6;9618491522;B
20240216;102104;7294.500000000;3;9618491523;B
20240216;102104;7294.500000000;5;9618491524;B
20240216;102104;7295.000000000;2;9618491525;B
20240216;102104;7295.000000000;1;9618491526;B
20240216;102104;7295.000000000;19;9618491527;B
20240216;102104;7295.000000000;1;9618491528;B
20240216;102104;7295.000000000;9;9618491529;B
20240216;102104;7295.000000000;26;9618491530;B
20240216;102104;7295.000000000;2;9618491531;B
20240216;102104;7295.000000000;20;9618491532;B
20240216;102104;7295.000000000;1;9618491533;B
20240216;102104;7295.000000000;50;9618491534;B
20240216;102104;7295.000000000;3;9618491535;B
20240216;102104;7295.000000000;17;9618491536;B
20240216;102104;7295.000000000;10;9618491537;B
20240216;102104;7295.000000000;1;9618491538;B
20240216;102104;7295.000000000;74;9618491539;B
20240216;102104;7295.000000000;1;9618491553;B
20240216;102105;7295.000000000;16;9618491566;B
20240216;102105;7294.000000000;3;9618491595;S
20240216;102105;7294.000000000;23;9618491596;S
20240216;102105;7295.000000000;1;9618491617;B
20240216;102105;7295.000000000;8;9618491631;B
20240216;102105;7295.000000000;2;9618491632;B
20240216;102107;7295.000000000;48;9618492258;B
20240216;102107;7295.000000000;52;9618492259;B
20240216;102108;7294.500000000;1;9618493046;S
20240216;102109;7294.500000000;1;9618493338;S
20240216;102111;7295.000000000;13;9618493626;B
20240216;102111;7295.000000000;5;9618493627;B
20240216;102111;7295.000000000;20;9618493628;B
20240216;102111;7295.000000000;7;9618493629;B
20240216;102111;7295.000000000;60;9618493630;B
20240216;102111;7295.000000000;1;9618493631;B
20240216;102111;7295.000000000;10;9618493632;B
20240216;102111;7295.000000000;1;9618493633;B
20240216;102111;7295.000000000;40;9618493634;B
20240216;102111;7295.000000000;55;9618493635;B
20240216;102111;7295.000000000;10;9618493636;B
20240216;102111;7295.000000000;8;9618493637;B
20240216;102111;7295.000000000;6;9618493638;B
20240216;102111;7295.000000000;14;9618493639;B
20240216;102111;7295.000000000;6;9618493640;B
20240216;102111;7295.000000000;3;9618493661;B
20240216;102111;7295.000000000;1;9618493680;B
20240216;102111;7295.000000000;1;9618493695;B
20240216;102111;7295.000000000;6;9618493726;B
20240216;102111;7295.500000000;1;9618493778;B
20240216;102111;7295.500000000;1;9618493779;B
20240216;102111;7295.500000000;1;9618493784;B
20240216;102112;7295.500000000;8;9618493885;B
20240216;102112;7295.500000000;2;9618493886;B
20240216;102112;7295.500000000;1;9618493896;B
20240216;102112;7295.500000000;5;9618493935;B
20240216;102112;7296.000000000;1;9618493936;B
20240216;102112;7296.000000000;1;9618493937;B
20240216;102112;7296.000000000;1;9618493938;B
20240216;102112;7296.000000000;42;9618493939;B
20240216;102112;7296.000000000;50;9618493978;B
20240216;102112;7296.000000000;9;9618493980;B
20240216;102112;7296.000000000;5;9618494028;B
20240216;102112;7296.000000000;7;9618494032;B
20240216;102112;7296.000000000;2;9618494038;B
20240216;102112;7296.000000000;34;9618494045;B
20240216;102112;7296.000000000;11;9618494058;B
20240216;102112;7296.000000000;1;9618494074;B
20240216;102112;7296.000000000;35;9618494076;B
20240216;102112;7296.000000000;50;9618494081;B
20240216;102113;7296.000000000;11;9618494113;B
20240216;102113;7296.000000000;4;9618494125;B
20240216;102113;7296.000000000;1;9618494153;B
20240216;102113;7296.000000000;1;9618494158;B
20240216;102113;7296.000000000;30;9618494254;B
20240216;102113;7296.000000000;4;9618494280;B
20240216;102113;7295.500000000;2;9618494297;S
20240216;102113;7296.000000000;4;9618494307;B
20240216;102113;7296.000000000;4;9618494327;B
20240216;102113;7296.000000000;4;9618494349;B
20240216;102114;7296.000000000;2;9618494545;B
20240216;102114;7295.500000000;2;9618494615;S
20240216;102115;7296.000000000;1;9618494683;B
20240216;102115;7296.000000000;4;9618494765;B
20240216;102115;7296.000000000;54;9618495390;B
20240216;102115;7296.000000000;6;9618495391;B
20240216;102115;7296.000000000;2;9618495392;B
20240216;102115;7296.000000000;7;9618495393;B
20240216;102115;7296.000000000;5;9618495394;B
20240216;102115;7296.000000000;26;9618495395;B
20240216;102116;7295.500000000;1;9618495640;S
20240216;102117;7296.000000000;9;9618495675;B
20240216;102117;7296.000000000;21;9618495676;B
20240216;102117;7295.500000000;1;9618496188;S
20240216;102117;7295.500000000;1;9618496211;S
20240216;102117;7296.000000000;1;9618496230;B
20240216;102118;7296.000000000;1;9618496373;B
20240216;102118;7296.000000000;3;9618496374;B
20240216;102118;7296.000000000;15;9618496685;B
20240216;102118;7295.500000000;3;9618496686;S
20240216;102118;7296.000000000;1;9618496694;B
20240216;102119;7296.000000000;3;9618496772;B
20240216;102119;7296.000000000;1;9618497005;B
20240216;102120;7296.000000000;1;9618497156;B
20240216;102124;7295.500000000;19;9618498276;S
20240216;102125;7296.000000000;1;9618498333;B
20240216;102126;7296.000000000;1;9618498477;B
20240216;102129;7296.000000000;10;9618500037;B
20240216;102130;7296.000000000;1;9618500165;B
20240216;102131;7296.000000000;3;9618500311;B
20240216;102131;7295.500000000;1;9618500316;S
20240216;102132;7296.000000000;1;9618500714;B
20240216;102132;7295.500000000;2;9618500723;S
20240216;102133;7295.500000000;1;9618500888;S
20240216;102134;7296.000000000;7;9618501061;B
20240216;102134;7295.500000000;1;9618501081;S
20240216;102135;7296.000000000;1;9618501203;B
20240216;102135;7295.500000000;1;9618501292;S
20240216;102135;7296.000000000;1;9618501298;B
20240216;102136;7296.000000000;1;9618501477;B
20240216;102137;7295.500000000;1;9618502282;S
20240216;102138;7295.500000000;1;9618502353;S
20240216;102140;7295.000000000;10;9618503665;S
20240216;102141;7295.500000000;40;9618504021;B
20240216;102142;7295.000000000;1;9618504125;S
20240216;102143;7295.000000000;1;9618504206;S
20240216;102144;7295.500000000;2;9618504438;B
20240216;102145;7295.000000000;2;9618504726;S
20240216;102146;7295.500000000;2;9618504904;B
20240216;102146;7295.500000000;1;9618504939;B
20240216;102148;7295.500000000;5;9618505416;B
20240216;102148;7295.500000000;10;9618505417;B
20240216;102148;7295.500000000;3;9618505418;B
20240216;102148;7295.500000000;12;9618505419;B
20240216;102148;7295.500000000;1;9618505420;B
20240216;102150;7295.500000000;50;9618506550;B
20240216;102150;7296.000000000;430;9618506551;B
20240216;102150;7296.000000000;5;9618506552;B
20240216;102150;7296.000000000;1;9618506553;B
20240216;102150;7296.000000000;2;9618506554;B
20240216;102150;7296.000000000;1;9618506555;B
20240216;102151;7296.000000000;5;9618506577;S
20240216;102151;7296.000000000;5;9618506589;S
20240216;102151;7296.000000000;1;9618506608;S
20240216;102152;7295.500000000;5;9618507541;S
20240216;102200;7295.000000000;33;9618509381;S
20240216;102205;7295.500000000;10;9618510299;B
20240216;102205;7295.500000000;42;9618510300;B
20240216;102205;7295.500000000;10;9618510301;B
20240216;102205;7296.000000000;5;9618510302;B
20240216;102205;7296.000000000;50;9618510303;B
20240216;102205;7296.500000000;8;9618510304;B
20240216;102205;7296.500000000;21;9618510305;B
20240216;102205;7296.500000000;33;9618510306;B
20240216;102205;7297.000000000;20;9618510307;B
20240216;102205;7297.000000000;1;9618510308;B
20240216;102205;7297.000000000;50;9618510309;B
20240216;102205;7296.500000000;2;9618510312;B
20240216;102206;7296.000000000;5;9618510388;B
20240216;102206;7296.000000000;1;9618510389;B
20240216;102206;7296.500000000;8;9618510390;B
20240216;102206;7296.500000000;5;9618510408;B
20240216;102206;7295.000000000;1;9618510446;S
20240216;102206;7296.000000000;5;9618510453;B
20240216;102206;7296.500000000;35;9618510454;B
20240216;102206;7296.500000000;11;9618510455;B
20240216;102206;7297.000000000;4;9618510456;B
20240216;102206;7297.000000000;2;9618510457;B
20240216;102206;7297.000000000;36;9618510458;B
20240216;102206;7297.000000000;2;9618510459;B
20240216;102206;7297.000000000;5;9618510460;B
20240216;102206;7296.000000000;2;9618510581;B
20240216;102207;7296.000000000;4;9618510626;S
20240216;102207;7297.000000000;1;9618510670;B
20240216;102207;7296.000000000;1;9618510700;B
20240216;102207;7296.000000000;1;9618510761;B
20240216;102207;7296.000000000;1;9618510809;B
20240216;102207;7296.000000000;1;9618510852;B
20240216;102207;7296.000000000;6;9618510857;B
20240216;102207;7296.000000000;1;9618510874;B
20240216;102207;7296.000000000;1;9618510895;B
20240216;102207;7296.000000000;2;9618510907;B
20240216;102207;7296.000000000;2;9618510970;B
20240216;102207;7296.000000000;1;9618510996;B
20240216;102208;7296.000000000;1;9618511017;B
20240216;102208;7296.000000000;1;9618511041;B
20240216;102208;7296.000000000;1;9618511070;B
20240216;102208;7296.000000000;1;9618511107;B
20240216;102208;7296.000000000;2;9618511834;B
20240216;102208;7295.500000000;1;9618511845;S
20240216;102208;7296.000000000;1;9618512468;B
20240216;102208;7296.000000000;1;9618513254;B
20240216;102209;7296.000000000;2;9618513794;B
20240216;102211;7296.000000000;7;9618514384;B
20240216;102212;7296.000000000;12;9618514601;B
20240216;102213;7296.000000000;4;9618514734;B
20240216;102213;7296.000000000;4;9618514747;B
20240216;102215;7296.000000000;2;9618514979;B
20240216;102217;7295.500000000;1;9618515319;S
20240216;102218;7295.500000000;2;9618515667;S
20240216;102219;7295.500000000;1;9618515903;S
20240216;102220;7295.500000000;1;9618516073;S
20240216;102222;7296.000000000;4;9618516451;B
20240216;102226;7296.000000000;10;9618518117;B
20240216;102227;7296.000000000;6;9618518274;B
20240216;102229;7296.000000000;1;9618520282;B
20240216;102230;7296.000000000;1;9618520399;B
20240216;102231;7295.500000000;5;9618520546;S
20240216;102231;7295.500000000;6;9618520547;S
20240216;102231;7295.500000000;1;9618520548;S
20240216;102231;7295.500000000;1;9618520549;S
20240216;102231;7295.000000000;2;9618520550;S
20240216;102232;7296.000000000;2;9618520750;B
20240216;102232;7296.000000000;6;9618520751;B
20240216;102232;7296.000000000;2;9618520762;B
20240216;102232;7296.000000000;2;9618520773;B
20240216;102232;7296.000000000;1;9618520781;B
20240216;102232;7296.000000000;1;9618520782;B
20240216;102232;7296.000000000;5;9618520791;B
20240216;102232;7296.000000000;11;9618520803;B
20240216;102235;7296.000000000;1;9618521425;B
20240216;102236;7295.500000000;1;9618521617;S
20240216;102237;7295.500000000;4;9618521718;S
20240216;102237;7296.000000000;2;9618522035;B
20240216;102240;7296.000000000;1;9618523647;B
20240216;102241;7296.000000000;4;9618523905;B
20240216;102243;7296.000000000;1;9618524131;B
20240216;102243;7296.000000000;1;9618524136;B
20240216;102243;7296.000000000;1;9618524137;B
20240216;102244;7296.000000000;1;9618524176;B
20240216;102245;7295.500000000;30;9618524300;S
20240216;102246;7295.500000000;1;9618524823;S
20240216;102247;7295.500000000;1;9618525742;S
20240216;102248;7296.000000000;1;9618525997;B
20240216;102249;7295.500000000;18;9618526074;S
20240216;102250;7295.500000000;1;9618526313;B
20240216;102250;7295.500000000;2;9618526386;B
20240216;102252;7295.000000000;5;9618526819;S
20240216;102252;7295.000000000;2;9618526916;S
20240216;102254;7295.500000000;1;9618527161;B
20240216;102254;7295.500000000;28;9618527186;B
20240216;102254;7295.500000000;10;9618527187;B
20240216;102254;7295.500000000;1;9618527188;B
20240216;102254;7295.500000000;34;9618527189;B
20240216;102254;7295.500000000;10;9618527190;B
20240216;102254;7295.500000000;2;9618527191;B
20240216;102254;7296.000000000;8;9618527192;B
20240216;102254;7296.000000000;4;9618527193;B
20240216;102254;7296.000000000;5;9618527194;B
20240216;102254;7296.500000000;50;9618527195;B
20240216;102254;7296.500000000;15;9618527196;B
20240216;102254;7296.500000000;60;9618527197;B
20240216;102254;7297.000000000;167;9618527198;B
20240216;102254;7297.000000000;20;9618527199;B
20240216;102254;7297.000000000;1;9618527200;B
20240216;102254;7297.000000000;1;9618527201;B
20240216;102254;7297.000000000;5;9618527202;B
20240216;102254;7297.000000000;20;9618527203;B
20240216;102254;7297.000000000;7;9618527204;B
20240216;102254;7297.000000000;10;9618527205;B
20240216;102254;7297.000000000;10;9618527206;B
20240216;102254;7297.500000000;6;9618527207;B
20240216;102254;7297.500000000;2;9618527208;B
20240216;102254;7297.500000000;5;9618527209;B
20240216;102254;7297.500000000;1;9618527210;B
20240216;102254;7297.500000000;10;9618527211;B
20240216;102254;7297.500000000;5;9618527212;B
20240216;102254;7298.000000000;1;9618527213;B
20240216;102254;7298.000000000;1;9618527214;B
20240216;102254;7298.000000000;2;9618527215;B
20240216;102254;7298.000000000;1;9618527216;B
20240216;102254;7298.000000000;1;9618527217;B
20240216;102254;7298.000000000;1;9618527218;B
20240216;102254;7298.000000000;1;9618527219;B
20240216;102254;7298.000000000;235;9618527220;B
20240216;102254;7296.500000000;5;9618527261;S
20240216;102254;7295.500000000;5;9618527284;S
20240216;102254;7297.000000000;15;9618527292;B
20240216;102254;7295.500000000;5;9618527296;S
20240216;102254;7295.500000000;5;9618527304;S
20240216;102254;7295.500000000;5;9618527318;S
20240216;102254;7295.500000000;5;9618527363;S
20240216;102254;7295.500000000;5;9618527373;S
20240216;102255;7295.500000000;5;9618527383;S
20240216;102258;7296.000000000;4;9618529248;B
20240216;102300;7296.000000000;5;9618529940;S
20240216;102300;7296.000000000;1;9618530191;S
20240216;102302;7296.000000000;1;9618530495;S
20240216;102303;7296.000000000;6;9618530568;S
20240216;102303;7296.000000000;4;9618530677;S
20240216;102309;7295.000000000;1;9618531949;S
20240216;102315;7296.000000000;9;9618534725;B
20240216;102315;7296.000000000;18;9618534726;B
20240216;102317;7296.000000000;42;9618535139;B
20240216;102317;7296.000000000;8;9618535140;B
20240216;102318;7295.000000000;5;9618535271;S
20240216;102321;7296.500000000;8;9618535834;B
20240216;102321;7296.500000000;50;9618535835;B
20240216;102321;7296.500000000;5;9618535836;B
20240216;102321;7296.500000000;60;9618535837;B
20240216;102321;7296.500000000;7;9618535838;B
20240216;102323;7296.000000000;1;9618536953;B
20240216;102325;7296.000000000;1;9618537775;B
20240216;102325;7296.000000000;3;9618537776;B
20240216;102325;7296.500000000;7;9618537777;B
20240216;102325;7296.500000000;9;9618537778;B
20240216;102325;7296.500000000;50;9618537779;B
20240216;102325;7296.500000000;2;9618537780;B
20240216;102325;7297.000000000;50;9618537781;B
20240216;102325;7297.500000000;38;9618537782;B
20240216;102325;7297.500000000;1;9618537802;B
20240216;102326;7297.500000000;1;9618537924;B
20240216;102332;7297.000000000;42;9618538956;S
20240216;102332;7296.500000000;8;9618538957;S
20240216;102333;7297.500000000;1;9618539945;B
20240216;102334;7297.500000000;2;9618540360;B
20240216;102335;7297.000000000;1;9618540730;S
20240216;102335;7297.500000000;1;9618540732;B
20240216;102338;7297.500000000;1;9618541551;B
20240216;102339;7297.500000000;1;9618541633;B
20240216;102340;7297.000000000;1;9618541783;S
20240216;102340;7297.000000000;1;9618541785;S
20240216;102342;7297.000000000;4;9618542298;S
20240216;102343;7297.000000000;4;9618542464;S
20240216;102343;7297.000000000;2;9618542528;S
20240216;102343;7297.000000000;1;9618542598;S
20240216;102344;7297.500000000;1;9618542640;B
20240216;102344;7297.000000000;1;9618542704;S
20240216;102344;7297.000000000;6;9618542737;S
20240216;102347;7297.500000000;3;9618544205;B
20240216;102347;7297.500000000;5;9618544206;B
20240216;102347;7297.500000000;1;9618544207;B
20240216;102347;7297.500000000;3;9618544208;B
20240216;102347;7297.000000000;5;9618544226;S
20240216;102347;7297.000000000;5;9618544241;S
20240216;102347;7297.000000000;5;9618544260;S
20240216;102348;7297.000000000;5;9618544283;S
20240216;102348;7297.000000000;5;9618544285;S
20240216;102348;7297.000000000;2;9618544294;S
20240216;102348;7297.000000000;1;9618544295;S
20240216;102348;7297.000000000;1;9618544296;S
20240216;102348;7297.000000000;1;9618544297;S
20240216;102348;7297.000000000;5;9618544308;S
20240216;102348;7297.000000000;5;9618544315;S
20240216;102348;7297.000000000;5;9618544567;S
20240216;102348;7297.000000000;5;9618544944;S
20240216;102348;7297.000000000;5;9618545279;S
20240216;102348;7297.500000000;1;9618545302;B
20240216;102348;7297.500000000;4;9618545303;B
20240216;102348;7297.000000000;5;9618545307;S
20240216;102348;7297.000000000;5;9618545317;S
20240216;102348;7297.000000000;5;9618545360;S
20240216;102348;7297.000000000;5;9618545384;S
20240216;102349;7297.000000000;4;9618545392;S
20240216;102349;7297.000000000;1;9618545393;S
20240216;102349;7297.000000000;1;9618545504;S
20240216;102350;7297.000000000;1;9618545523;S
20240216;102350;7297.500000000;2;9618545575;B
20240216;102352;7297.500000000;2;9618545844;B
20240216;102352;7297.500000000;2;9618546079;B
20240216;102352;7297.500000000;10;9618546080;B
20240216;102352;7297.500000000;3;9618546081;B
20240216;102352;7297.500000000;3;9618546110;B
20240216;102352;7297.500000000;5;9618546111;B
20240216;102352;7297.500000000;37;9618546118;B
20240216;102352;7297.500000000;5;9618546119;B
20240216;102352;7297.500000000;10;9618546120;B
20240216;102352;7297.500000000;10;9618546121;B
20240216;102352;7298.000000000;3;9618546122;B
20240216;102353;7297.500000000;1;9618546248;B
20240216;102354;7297.500000000;1;9618546356;B
20240216;102355;7297.500000000;2;9618546486;B
20240216;102355;7297.000000000;1;9618546491;S
20240216;102356;7297.500000000;1;9618546760;B
20240216;102357;7297.500000000;5;9618547579;B
20240216;102357;7297.500000000;5;9618547580;B
20240216;102357;7297.500000000;1;9618547656;B
20240216;102357;7297.500000000;29;9618547671;B
20240216;102359;7297.500000000;1;9618548715;B
20240216;102359;7297.500000000;1;9618548776;B
20240216;102400;7297.500000000;4;9618548957;B
20240216;102401;7297.500000000;5;9618548982;S
20240216;102401;7298.000000000;1;9618549007;B
20240216;102401;7297.500000000;5;9618549009;S
20240216;102401;7297.500000000;5;9618549050;S
20240216;102401;7297.500000000;5;9618549056;S
20240216;102401;7297.500000000;1;9618549070;B
20240216;102402;7297.000000000;4;9618549374;S
20240216;102403;7297.000000000;1;9618549538;S
20240216;102403;7297.500000000;3;9618550108;B
20240216;102403;7297.500000000;1;9618550170;B
20240216;102404;7297.000000000;6;9618550222;S
20240216;102404;7297.500000000;1;9618550360;B
20240216;102404;7297.500000000;1;9618550370;B
20240216;102405;7297.500000000;1;9618550447;B
20240216;102405;7297.000000000;6;9618550489;S
20240216;102407;7297.000000000;1;9618550972;S
20240216;102407;7297.500000000;5;9618551017;B
20240216;102407;7297.500000000;16;9618551018;B
20240216;102409;7297.500000000;5;9618551299;B
20240216;102409;7297.500000000;45;9618551300;B
20240216;102410;7297.500000000;1;9618551476;B
20240216;102413;7297.500000000;1;9618552767;B
20240216;102413;7297.500000000;46;9618552809;B
20240216;102413;7297.500000000;2;9618552820;B
20240216;102413;7297.500000000;5;9618552821;B
20240216;102413;7297.500000000;10;9618552822;B
20240216;102414;7297.500000000;5;9618552840;S
20240216;102414;7297.500000000;5;9618552885;S
20240216;102414;7297.500000000;5;9618552945;S
20240216;102414;7297.500000000;5;9618552960;S
20240216;102414;7297.500000000;5;9618552977;S
20240216;102414;7297.500000000;5;9618553001;S
20240216;102414;7298.000000000;2;9618553005;B
20240216;102414;7297.500000000;5;9618553009;S
20240216;102414;7297.500000000;5;9618553013;S
20240216;102414;7297.500000000;4;9618553021;S
20240216;102415;7298.000000000;1;9618553070;B
20240216;102416;7298.000000000;277;9618553309;B
20240216;102416;7298.000000000;11;9618553310;B
20240216;102416;7298.000000000;4;9618553311;B
20240216;102416;7298.000000000;3;9618553312;B
20240216;102416;7298.000000000;1;9618553313;B
20240216;102416;7298.000000000;1;9618553314;B
20240216;102416;7298.000000000;15;9618553315;B
20240216;102416;7298.000000000;3;9618553316;B
20240216;102416;7298.000000000;1;9618553317;B
20240216;102416;7298.000000000;1;9618553318;B
20240216;102416;7298.000000000;1;9618553319;B
20240216;102416;7298.000000000;49;9618553320;B
20240216;102416;7298.000000000;1;9618553321;B
20240216;102416;7298.000000000;9;9618553322;B
20240216;102416;7298.000000000;10;9618553323;B
20240216;102416;7298.000000000;10;9618553324;B
20240216;102416;7298.000000000;3;9618553358;S
20240216;102416;7298.000000000;4;9618553359;S
20240216;102420;7298.000000000;1;9618555687;S
20240216;102422;7298.500000000;1;9618556262;B
20240216;102422;7298.500000000;1;9618556263;B
20240216;102422;7298.500000000;1;9618556264;B
20240216;102422;7298.500000000;10;9618556265;B
20240216;102422;7298.500000000;1;9618556266;B
20240216;102422;7298.500000000;28;9618556267;B
20240216;102422;7298.500000000;1;9618556268;B
20240216;102422;7298.500000000;1;9618556269;B
20240216;102422;7298.500000000;10;9618556270;B
20240216;102422;7298.500000000;1;9618556271;B
20240216;102422;7299.000000000;1;9618556272;B
20240216;102422;7299.000000000;2;9618556273;B
20240216;102422;7299.000000000;24;9618556274;B
20240216;102422;7299.000000000;2;9618556275;B
20240216;102422;7299.000000000;1;9618556276;B
20240216;102422;7299.000000000;2;9618556277;B
20240216;102422;7299.000000000;30;9618556278;B
20240216;102422;7299.000000000;1;9618556279;B
20240216;102422;7299.000000000;1;9618556280;B
20240216;102422;7299.000000000;1;9618556281;B
20240216;102422;7299.000000000;20;9618556282;B
20240216;102422;7299.000000000;420;9618556283;B
20240216;102422;7299.000000000;2;9618556284;B
20240216;102422;7299.000000000;6;9618556285;B
20240216;102422;7299.000000000;1;9618556286;B
20240216;102422;7299.000000000;1;9618556287;B
20240216;102422;7299.000000000;1;9618556288;B
20240216;102422;7299.000000000;7;9618556289;B
20240216;102422;7299.000000000;5;9618556290;B
20240216;102422;7299.000000000;1;9618556291;B
20240216;102422;7299.000000000;1;9618556292;B
20240216;102422;7299.000000000;1;9618556293;B
20240216;102422;7299.000000000;10;9618556294;B
20240216;102422;7299.000000000;9;9618556295;B
20240216;102422;7299.000000000;1;9618556296;B
20240216;102422;7299.500000000;1;9618556297;B
20240216;102422;7299.500000000;1;9618556298;B
20240216;102422;7299.500000000;1;9618556299;B
20240216;102422;7299.500000000;5;9618556300;B
20240216;102422;7299.500000000;10;9618556301;B
20240216;102422;7299.500000000;1;9618556302;B
20240216;102422;7299.500000000;4;9618556303;B
20240216;102422;7299.500000000;2;9618556304;B
20240216;102422;7299.500000000;1;9618556305;B
20240216;102422;7299.500000000;100;9618556306;B
20240216;102422;7299.500000000;1;9618556307;B
20240216;102422;7299.500000000;15;9618556308;B
20240216;102422;7299.500000000;1;9618556309;B
20240216;102422;7299.500000000;10;9618556310;B
20240216;102422;7299.500000000;1;9618556311;B
20240216;102422;7299.500000000;1;9618556312;B
20240216;102422;7299.500000000;4;9618556313;B
20240216;102422;7299.500000000;1;9618556314;B
20240216;102422;7299.500000000;15;9618556315;B
20240216;102422;7299.500000000;10;9618556316;B
20240216;102422;7299.500000000;10;9618556317;B
20240216;102422;7300.000000000;1;9618556318;B
20240216;102422;7300.000000000;3;9618556319;B
20240216;102422;7300.000000000;1;9618556320;B
20240216;102422;7300.000000000;1;9618556321;B
20240216;102422;7300.000000000;1;9618556322;B
20240216;102422;7300.000000000;30;9618556323;B
20240216;102422;7300.000000000;2;9618556324;B
20240216;102422;7300.000000000;5;9618556325;B
20240216;102422;7300.000000000;1;9618556326;B
20240216;102422;7300.000000000;31;9618556327;B
20240216;102422;7300.000000000;1;9618556328;B
20240216;102422;7300.000000000;23;9618556329;B
20240216;102422;7300.000000000;15;9618556330;B
20240216;102422;7300.000000000;4;9618556331;B
20240216;102422;7300.000000000;13;9618556332;B
20240216;102422;7300.000000000;19;9618556333;B
20240216;102422;7300.000000000;1;9618556334;B
20240216;102422;7300.000000000;5;9618556335;B
20240216;102422;7300.000000000;1;9618556336;B
20240216;102422;7300.000000000;10;9618556337;B
20240216;102422;7300.000000000;1;9618556338;B
20240216;102422;7300.000000000;1;9618556339;B
20240216;102422;7300.000000000;29;9618556340;B
20240216;102422;7299.500000000;10;9618556343;B
20240216;102422;7300.000000000;2;9618556344;B
20240216;102422;7300.000000000;9;9618556345;B
20240216;102422;7300.000000000;1;9618556346;B
20240216;102422;7300.000000000;1;9618556347;B
20240216;102422;7300.000000000;1;9618556348;B
20240216;102422;7300.000000000;1;9618556349;B
20240216;102422;7300.000000000;1;9618556361;B
20240216;102422;7300.000000000;1;9618556362;B
20240216;102422;7300.000000000;1;9618556367;B
20240216;102422;7300.000000000;1;9618556368;B
20240216;102422;7300.000000000;2;9618556369;B
20240216;102422;7299.500000000;1;9618556377;S
20240216;102422;7299.500000000;39;9618556378;S
20240216;102422;7299.500000000;7;9618556379;S
20240216;102422;7299.500000000;1;9618556392;S
20240216;102422;7300.000000000;350;9618556431;B
20240216;102422;7299.500000000;2;9618556434;S
20240216;102423;7300.000000000;10;9618556437;B
20240216;102423;7300.000000000;4;9618556439;B
20240216;102423;7299.500000000;18;9618556441;S
20240216;102423;7299.500000000;1;9618556455;S
20240216;102423;7299.500000000;2;9618556456;S
20240216;102423;7300.000000000;10;9618556472;B
20240216;102423;7299.500000000;4;9618556474;S
20240216;102423;7299.500000000;1;9618556538;S
20240216;102423;7300.000000000;2;9618556584;B
20240216;102423;7299.500000000;3;9618556589;S
20240216;102423;7300.000000000;5;9618556591;B
20240216;102423;7299.500000000;18;9618556605;S
20240216;102423;7299.000000000;11;9618556606;S
20240216;102423;7299.000000000;50;9618556607;S
20240216;102423;7299.000000000;4;9618556608;S
20240216;102423;7299.000000000;15;9618556609;S
20240216;102423;7299.000000000;1;9618556616;B
20240216;102423;7299.000000000;2;9618556668;B
20240216;102423;7298.500000000;50;9618556673;S
20240216;102423;7298.500000000;5;9618556674;S
20240216;102423;7298.500000000;3;9618556675;S
20240216;102423;7298.000000000;18;9618556677;S
20240216;102423;7298.000000000;1;9618556678;S
20240216;102423;7298.000000000;6;9618556682;S
20240216;102423;7298.000000000;1;9618556683;S
20240216;102423;7298.000000000;1;9618556684;S
20240216;102423;7298.000000000;4;9618556685;S
20240216;102423;7298.500000000;42;9618556702;B
20240216;102423;7299.000000000;8;9618556703;B
20240216;102423;7298.500000000;42;9618556714;B
20240216;102423;7299.000000000;91;9618556715;B
20240216;102423;7299.000000000;1;9618556716;B
20240216;102423;7299.000000000;3;9618556717;B
20240216;102423;7299.000000000;5;9618556718;B
20240216;102423;7299.000000000;5;9618556719;B
20240216;102423;7299.000000000;2;9618556720;B
20240216;102423;7299.000000000;3;9618556721;B
20240216;102423;7299.000000000;50;9618556722;B
20240216;102423;7299.000000000;5;9618556723;B
20240216;102423;7299.500000000;13;9618556724;B
20240216;102423;7299.500000000;3;9618556725;B
20240216;102423;7299.500000000;10;9618556726;B
20240216;102423;7300.000000000;17;9618556727;B
20240216;102423;7299.000000000;1;9618556736;B
20240216;102423;7299.500000000;5;9618556737;B
20240216;102424;7299.000000000;1;9618556863;B
20240216;102424;7299.000000000;1;9618556864;B
20240216;102424;7299.000000000;1;9618556865;B
20240216;102424;7299.500000000;3;9618556866;B
20240216;102424;7299.500000000;5;9618556880;B
20240216;102424;7299.500000000;29;9618556896;B
20240216;102424;7299.500000000;1;9618556897;B
20240216;102424;7299.500000000;10;9618556898;B
20240216;102424;7300.000000000;28;9618556899;B
20240216;102425;7299.500000000;2;9618557103;B
20240216;102426;7299.500000000;1;9618557292;B
20240216;102427;7299.500000000;4;9618558011;B
20240216;102429;7299.500000000;5;9618558391;B
20240216;102430;7299.000000000;8;9618558876;S
20240216;102433;7299.000000000;1;9618559843;B
20240216;102434;7299.500000000;7;9618560092;B
20240216;102436;7299.500000000;1;9618560290;B
20240216;102436;7299.500000000;22;9618560299;B
20240216;102436;7299.500000000;7;9618560300;B
20240216;102438;7299.500000000;5;9618560720;B
20240216;102438;7299.500000000;9;9618560948;B
20240216;102440;7299.500000000;1;9618562022;B
20240216;102441;7299.000000000;1;9618562645;S
20240216;102441;7299.000000000;42;9618562800;B
20240216;102441;7299.000000000;1;9618562801;B
20240216;102441;7299.500000000;51;9618562802;B
20240216;102443;7299.000000000;30;9618563313;B
20240216;102444;7299.000000000;20;9618563491;B
20240216;102446;7299.500000000;3;9618563807;B
20240216;102448;7299.000000000;1;9618564800;S
20240216;102449;7299.500000000;1;9618564931;B
20240216;102449;7299.500000000;2;9618564932;B
20240216;102449;7299.500000000;1;9618564933;B
20240216;102449;7299.500000000;34;9618564934;B
20240216;102449;7299.500000000;1;9618564935;B
20240216;102449;7299.500000000;12;9618564936;B
20240216;102449;7299.500000000;15;9618564937;B
20240216;102450;7299.500000000;1;9618564951;S
20240216;102450;7299.500000000;1;9618565384;S
20240216;102451;7299.500000000;66;9618565537;S
20240216;102452;7300.000000000;10;9618565690;B
20240216;102453;7300.000000000;1;9618566326;B
20240216;102453;7300.000000000;1;9618566409;B
20240216;102454;7299.500000000;40;9618566679;S
20240216;102454;7299.500000000;10;9618566725;S
20240216;102454;7300.000000000;2;9618566731;B
20240216;102457;7300.000000000;58;9618567149;B
20240216;102457;7300.000000000;13;9618567150;B
20240216;102457;7300.000000000;30;9618567151;B
20240216;102457;7300.000000000;3;9618567152;B
20240216;102457;7300.000000000;2;9618567153;B
20240216;102457;7300.000000000;30;9618567154;B
20240216;102458;7300.000000000;2;9618567470;B
20240216;102459;7300.000000000;2;9618567580;B
20240216;102500;7299.500000000;101;9618567605;S
20240216;102500;7299.500000000;5;9618567606;S
20240216;102500;7299.500000000;1;9618567640;B
20240216;102500;7299.000000000;4;9618567661;S
20240216;102500;7299.500000000;10;9618567665;B
20240216;102500;7299.000000000;46;9618567687;S
20240216;102500;7299.000000000;12;9618567688;S
20240216;102500;7299.000000000;3;9618567689;S
20240216;102500;7299.000000000;148;9618567690;S
20240216;102501;7299.500000000;1;9618567732;B
20240216;102503;7299.500000000;10;9618568472;B
20240216;102503;7299.500000000;1;9618568488;B
20240216;102503;7299.500000000;1;9618568595;B
20240216;102504;7299.000000000;1;9618568658;S
20240216;102504;7299.500000000;1;9618568795;B
20240216;102506;7299.500000000;1;9618569038;B
20240216;102507;7299.500000000;50;9618569224;B
20240216;102507;7299.500000000;4;9618569338;B
20240216;102508;7299.500000000;5;9618570299;B
20240216;102509;7299.500000000;17;9618571175;B
20240216;102510;7299.000000000;17;9618571328;S
20240216;102510;7299.000000000;30;9618571449;S
20240216;102511;7299.500000000;5;9618571532;B
20240216;102511;7299.500000000;8;9618571573;B
20240216;102512;7299.500000000;13;9618571682;B
20240216;102513;7299.000000000;5;9618571887;S
20240216;102515;7299.000000000;1;9618572313;S
20240216;102515;7299.000000000;20;9618572357;S
20240216;102515;7299.500000000;2;9618572388;B
20240216;102516;7299.000000000;1;9618572410;S
20240216;102516;7299.000000000;8;9618572482;S
20240216;102517;7299.000000000;1;9618572558;S
