<DATE>;<TIME>;<LAST>;<VOL>;<ID>;<OPER>
20240123;095954;6840.000000000;1;9454375885;S
20240123;095954;6840.000000000;2;9454375886;S
20240123;095954;6840.000000000;1;9454375887;S
20240123;095954;6840.000000000;4;9454375888;S
20240123;095954;6840.000000000;2;9454375889;S
20240123;095954;6840.000000000;1;9454375890;S
20240123;095954;6840.000000000;13;9454375891;S
20240123;095954;6840.000000000;1;9454375892;S
20240123;095954;6840.000000000;4;9454375893;S
20240123;095954;6840.000000000;1;9454375894;S
20240123;095954;6840.000000000;1;9454375895;S
20240123;095954;6840.000000000;3;9454375896;B
20240123;095954;6840.000000000;6;9454375897;S
20240123;095954;6840.000000000;1;9454375898;B
20240123;095954;6840.000000000;5;9454375899;B
20240123;095954;6840.000000000;2;9454375900;B
20240123;095954;6840.000000000;10;9454375901;B
20240123;095954;6840.000000000;5;9454375902;B
20240123;095954;6840.000000000;1;9454375903;B
20240123;095954;6840.000000000;1;9454375904;S
20240123;095954;6840.000000000;1;9454375905;S
20240123;095954;6840.000000000;5;9454375906;S
20240123;095954;6840.000000000;1;9454375907;S
20240123;095954;6840.000000000;1;9454375908;S
20240123;095954;6840.000000000;2;9454375909;S
20240123;095954;6840.000000000;3;9454375910;S
20240123;095954;6840.000000000;1;9454375911;B
20240123;095954;6840.000000000;1;9454375912;B
20240123;095954;6840.000000000;9;9454375913;B
20240123;095954;6840.000000000;7;9454375914;S
20240123;095954;6840.000000000;1;9454375915;B
20240123;095954;6840.000000000;2;9454375916;B
20240123;095954;6840.000000000;1;9454375917;B
20240123;095954;6840.000000000;2;9454375918;B
20240123;095954;6840.000000000;1;9454375919;B
20240123;095954;6840.000000000;4;9454375920;B
20240123;095954;6840.000000000;6;9454375921;S
20240123;095954;6840.000000000;1;9454375922;S
20240123;095954;6840.000000000;4;9454375923;S
20240123;095954;6840.000000000;6;9454375924;S
20240123;095954;6840.000000000;2;9454375925;S
20240123;095954;6840.000000000;14;9454375926;S
20240123;095954;6840.000000000;16;9454375927;S
20240123;095954;6840.000000000;1;9454375928;S
20240123;095954;6840.000000000;7;9454375929;S
20240123;095954;6840.000000000;42;9454375930;S
20240123;095954;6840.000000000;2;9454375931;S
20240123;095954;6840.000000000;1;9454375932;S
20240123;095954;6840.000000000;13;9454375933;S
20240123;095954;6840.000000000;2;9454375934;S
20240123;100000;6840.500000000;10;9454377633;S
20240123;100000;6840.500000000;10;9454377660;B
20240123;100000;6840.500000000;1;9454377682;B
20240123;100000;6840.500000000;9;9454377716;S
20240123;100000;6840.500000000;10;9454377723;B
20240123;100000;6840.000000000;40;9454377730;S
20240123;100000;6840.000000000;1;9454377731;S
20240123;100000;6840.000000000;1;9454377732;S
20240123;100000;6840.000000000;1;9454377733;S
20240123;100000;6840.000000000;9;9454377734;S
20240123;100000;6840.000000000;1;9454377735;S
20240123;100000;6840.000000000;7;9454377736;S
20240123;100001;6840.500000000;2;9454379652;B
20240123;100001;6840.500000000;6;9454379653;B
20240123;100002;6840.500000000;2;9454379707;B
20240123;100002;6840.500000000;4;9454379878;B
20240123;100002;6840.000000000;2;9454380012;S
20240123;100002;6840.000000000;11;9454380210;S
20240123;100002;6840.000000000;1;9454380211;S
20240123;100002;6840.000000000;1;9454380212;S
20240123;100002;6840.000000000;1;9454380213;S
20240123;100002;6840.000000000;1;9454380214;S
20240123;100002;6840.000000000;10;9454380215;S
20240123;100002;6839.500000000;10;9454380216;S
20240123;100002;6839.500000000;2;9454380217;S
20240123;100002;6839.500000000;2;9454380218;S
20240123;100002;6839.000000000;5;9454380219;S
20240123;100002;6839.000000000;1;9454380220;S
20240123;100002;6839.000000000;1;9454380221;S
20240123;100002;6839.000000000;1;9454380222;S
20240123;100002;6839.000000000;1;9454380223;S
20240123;100002;6839.000000000;10;9454380224;S
20240123;100002;6836.000000000;44;9454380225;S
20240123;100002;6835.500000000;3;9454380226;S
20240123;100002;6835.500000000;11;9454380227;S
20240123;100002;6835.500000000;24;9454380228;S
20240123;100004;6840.000000000;2;9454381889;S
20240123;100004;6840.000000000;23;9454381890;B
20240123;100005;6841.000000000;1;9454382605;S
20240123;100006;6841.500000000;1;9454382974;B
20240123;100006;6840.500000000;1;9454383591;S
20240123;100006;6840.500000000;1;9454383790;S
20240123;100006;6839.500000000;1;9454383791;S
20240123;100006;6838.000000000;1;9454383801;S
20240123;100007;6840.500000000;10;9454385415;B
20240123;100007;6840.500000000;20;9454385416;B
20240123;100007;6839.000000000;10;9454385533;S
20240123;100007;6839.000000000;1;9454385534;S
20240123;100007;6839.000000000;7;9454385535;S
20240123;100008;6841.500000000;1;9454386203;B
20240123;100008;6840.500000000;5;9454386205;S
20240123;100009;6840.500000000;5;9454386352;S
20240123;100009;6840.000000000;10;9454386353;S
20240123;100009;6840.000000000;10;9454386537;B
20240123;100010;6839.500000000;1;9454386577;S
20240123;100010;6842.000000000;2;9454386580;B
20240123;100010;6842.000000000;5;9454386601;B
20240123;100010;6841.000000000;1;9454386611;S
20240123;100010;6840.500000000;1;9454386703;B
20240123;100010;6840.500000000;1;9454386712;B
20240123;100010;6842.000000000;1;9454386824;B
20240123;100010;6842.000000000;2;9454386861;B
20240123;100010;6842.000000000;1;9454386862;B
20240123;100010;6842.000000000;1;9454386873;B
20240123;100017;6840.500000000;9;9454389205;S
20240123;100019;6840.000000000;1;9454389568;S
20240123;100019;6838.000000000;5;9454389675;S
20240123;100019;6839.500000000;10;9454389810;B
20240123;100019;6840.000000000;1;9454389811;B
20240123;100019;6840.500000000;63;9454389812;B
20240123;100020;6838.000000000;36;9454389894;S
20240123;100020;6838.000000000;10;9454389895;S
20240123;100020;6838.000000000;18;9454389896;B
20240123;100020;6840.000000000;2;9454389897;B
20240123;100020;6840.000000000;10;9454389898;B
20240123;100020;6841.000000000;9;9454390101;B
20240123;100020;6841.000000000;10;9454390102;B
20240123;100020;6841.500000000;1;9454390103;B
20240123;100020;6841.000000000;10;9454390105;B
20240123;100022;6841.000000000;1;9454390519;B
20240123;100023;6840.500000000;10;9454390753;B
20240123;100025;6840.500000000;3;9454391274;B
20240123;100026;6840.000000000;10;9454391518;S
20240123;100026;6840.000000000;15;9454391519;S
20240123;100030;6840.500000000;1;9454392639;B
20240123;100031;6840.000000000;5;9454392753;S
20240123;100031;6840.000000000;1;9454392754;S
20240123;100031;6839.000000000;10;9454392856;B
20240123;100031;6839.000000000;26;9454392869;B
20240123;100031;6839.500000000;3;9454392870;B
20240123;100031;6839.500000000;10;9454392871;B
20240123;100032;6839.500000000;6;9454393149;S
20240123;100033;6840.000000000;1;9454393327;B
20240123;100036;6840.000000000;1;9454394050;B
20240123;100037;6839.500000000;5;9454394273;S
20240123;100037;6838.000000000;1;9454394332;S
20240123;100042;6839.000000000;3;9454395705;B
20240123;100043;6837.000000000;10;9454395955;S
20240123;100043;6837.000000000;5;9454395956;S
20240123;100043;6836.500000000;5;9454395957;S
20240123;100046;6837.000000000;3;9454396570;S
20240123;100049;6837.000000000;2;9454397691;S
20240123;100050;6839.000000000;1;9454397895;B
20240123;100054;6839.000000000;1;9454398895;B
20240123;100057;6837.000000000;10;9454399926;S
20240123;100057;6837.000000000;3;9454399927;B
20240123;100057;6838.500000000;7;9454399928;B
20240123;100100;6838.000000000;2;9454400750;S
20240123;100101;6838.000000000;8;9454400782;S
20240123;100101;6836.500000000;22;9454400841;S
20240123;100101;6836.500000000;10;9454400844;B
20240123;100101;6835.500000000;21;9454400872;S
20240123;100101;6835.500000000;40;9454400923;B
20240123;100101;6835.000000000;10;9454400924;S
20240123;100101;6835.000000000;33;9454400925;S
20240123;100101;6835.500000000;44;9454400962;S
20240123;100101;6835.000000000;7;9454401130;S
20240123;100101;6835.000000000;7;9454401143;S
20240123;100101;6835.000000000;2;9454401197;S
20240123;100101;6835.000000000;2;9454401200;S
20240123;100102;6838.000000000;20;9454401463;S
20240123;100103;6838.000000000;1;9454401749;B
20240123;100104;6838.000000000;6;9454402092;B
20240123;100107;6838.000000000;3;9454402473;B
20240123;100107;6838.000000000;4;9454402476;B
20240123;100108;6837.500000000;50;9454402755;S
20240123;100112;6835.500000000;30;9454403612;S
20240123;100112;6835.500000000;44;9454403641;S
20240123;100112;6835.500000000;10;9454403642;S
20240123;100117;6835.000000000;1;9454404658;S
20240123;100120;6835.000000000;5;9454405464;S
20240123;100121;6835.500000000;2;9454405584;B
20240123;100122;6835.000000000;2;9454405830;S
20240123;100125;6835.500000000;2;9454406167;B
20240123;100130;6835.500000000;1;9454406960;B
20240123;100130;6835.000000000;4;9454406996;S
20240123;100133;6835.500000000;1;9454407347;B
20240123;100133;6835.500000000;2;9454407356;B
20240123;100136;6835.000000000;5;9454407742;S
20240123;100137;6835.500000000;1;9454407877;B
20240123;100138;6835.500000000;35;9454408073;B
20240123;100138;6835.500000000;1;9454408074;B
20240123;100138;6836.000000000;44;9454408075;S
20240123;100139;6835.500000000;1;9454408353;S
20240123;100140;6835.500000000;1;9454408784;S
20240123;100146;6836.500000000;20;9454409996;B
20240123;100150;6836.000000000;17;9454410496;S
20240123;100153;6836.000000000;10;9454410846;S
20240123;100155;6836.000000000;12;9454411264;S
20240123;100200;6835.500000000;1;9454412089;S
20240123;100200;6835.500000000;1;9454412090;S
20240123;100203;6835.500000000;20;9454412550;S
20240123;100206;6836.000000000;1;9454413080;B
20240123;100212;6835.500000000;4;9454414302;S
20240123;100212;6835.500000000;16;9454414303;S
20240123;100215;6835.500000000;5;9454414709;S
20240123;100218;6835.500000000;1;9454415196;S
20240123;100220;6835.500000000;3;9454415634;S
20240123;100221;6835.500000000;4;9454415938;S
20240123;100221;6835.500000000;2;9454415939;S
20240123;100222;6835.500000000;28;9454416076;S
20240123;100222;6835.500000000;10;9454416077;S
20240123;100222;6835.500000000;1;9454416078;S
20240123;100222;6835.500000000;1;9454416079;S
20240123;100222;6835.500000000;1;9454416080;S
20240123;100222;6835.500000000;15;9454416081;S
20240123;100223;6835.500000000;149;9454416195;B
20240123;100223;6835.500000000;1;9454416196;B
20240123;100226;6836.000000000;2;9454416790;B
20240123;100226;6835.500000000;2;9454416828;S
20240123;100228;6836.000000000;7;9454417050;B
20240123;100232;6835.500000000;5;9454417545;S
20240123;100234;6835.500000000;1;9454417779;S
20240123;100240;6835.500000000;12;9454418692;S
20240123;100240;6835.500000000;8;9454418843;S
20240123;100246;6835.500000000;1;9454419905;S
20240123;100254;6835.500000000;1;9454421806;S
20240123;100259;6836.000000000;5;9454422917;B
20240123;100300;6835.500000000;2;9454422953;S
20240123;100305;6835.500000000;5;9454424010;S
20240123;100305;6835.500000000;4;9454424011;S
20240123;100305;6835.500000000;19;9454424012;S
20240123;100306;6835.500000000;2;9454424104;B
20240123;100309;6835.500000000;100;9454424630;B
20240123;100312;6835.500000000;1;9454425105;B
20240123;100312;6835.000000000;32;9454425118;S
20240123;100312;6835.000000000;1;9454425119;S
20240123;100312;6835.000000000;5;9454425120;S
20240123;100312;6835.000000000;100;9454425121;S
20240123;100312;6835.000000000;5;9454425122;S
20240123;100312;6835.000000000;15;9454425123;S
20240123;100312;6835.000000000;30;9454425124;S
20240123;100314;6834.500000000;1;9454425499;S
20240123;100314;6834.500000000;2;9454425500;S
20240123;100314;6834.500000000;30;9454425501;S
20240123;100315;6834.000000000;1;9454425540;S
20240123;100315;6834.000000000;1;9454425643;S
20240123;100315;6834.000000000;2;9454425644;S
20240123;100315;6834.000000000;3;9454425645;S
20240123;100319;6833.500000000;50;9454426444;S
20240123;100319;6833.500000000;6;9454426445;S
20240123;100319;6833.500000000;2;9454426453;S
20240123;100320;6833.000000000;1;9454426785;S
20240123;100320;6833.000000000;1;9454426786;S
20240123;100320;6833.000000000;16;9454426787;S
20240123;100320;6833.000000000;30;9454426788;S
20240123;100320;6833.000000000;157;9454426789;S
20240123;100320;6833.000000000;143;9454426790;S
20240123;100320;6832.500000000;1;9454426814;S
20240123;100320;6832.500000000;1;9454426815;S
20240123;100320;6832.000000000;10;9454426818;S
20240123;100320;6832.000000000;5;9454426819;S
20240123;100320;6832.000000000;4;9454426820;S
20240123;100320;6832.000000000;1;9454426821;S
20240123;100320;6832.000000000;30;9454426822;S
20240123;100321;6831.500000000;1;9454426971;B
20240123;100322;6831.500000000;1;9454427155;B
20240123;100322;6831.000000000;1;9454427201;S
20240123;100322;6831.000000000;1;9454427202;S
20240123;100322;6831.000000000;8;9454427203;S
20240123;100326;6831.500000000;17;9454427947;B
20240123;100326;6831.500000000;33;9454427948;B
20240123;100331;6831.500000000;10;9454428989;B
20240123;100334;6831.500000000;7;9454429427;B
20240123;100334;6831.500000000;6;9454429428;B
20240123;100334;6831.500000000;18;9454429429;B
20240123;100334;6832.000000000;10;9454429430;B
20240123;100334;6832.500000000;36;9454429431;B
20240123;100334;6833.000000000;23;9454429432;B
20240123;100336;6831.000000000;11;9454429761;S
20240123;100340;6831.500000000;1;9454430387;S
20240123;100341;6831.500000000;5;9454430558;B
20240123;100342;6831.000000000;10;9454430628;S
20240123;100343;6831.000000000;21;9454430923;S
20240123;100343;6831.000000000;1;9454430924;S
20240123;100343;6831.000000000;26;9454430925;S
20240123;100343;6831.000000000;1;9454430926;S
20240123;100343;6831.000000000;50;9454430927;S
20240123;100343;6831.000000000;1;9454430928;S
20240123;100344;6831.500000000;22;9454430974;B
20240123;100346;6832.500000000;2;9454431385;B
20240123;100348;6831.500000000;5;9454431600;S
20240123;100351;6831.500000000;1;9454432106;S
20240123;100355;6831.500000000;1;9454432659;S
20240123;100355;6831.000000000;1;9454432660;S
20240123;100355;6831.000000000;1;9454432661;S
20240123;100358;6831.000000000;1;9454433232;S
20240123;100358;6831.000000000;1;9454433233;S
20240123;100358;6830.500000000;1;9454433234;S
20240123;100358;6830.500000000;20;9454433235;S
20240123;100358;6830.500000000;2;9454433236;S
20240123;100358;6830.500000000;10;9454433237;S
20240123;100358;6830.500000000;1;9454433238;S
20240123;100359;6832.500000000;6;9454433315;B
20240123;100359;6832.500000000;5;9454433349;B
20240123;100400;6830.500000000;8;9454433442;S
20240123;100400;6831.500000000;1;9454433552;S
20240123;100401;6832.500000000;5;9454433673;B
20240123;100402;6831.500000000;8;9454433801;S
20240123;100410;6831.500000000;2;9454435382;S
20240123;100412;6831.500000000;1;9454435758;S
20240123;100415;6832.000000000;10;9454436199;B
20240123;100415;6832.000000000;25;9454436200;B
20240123;100415;6832.000000000;10;9454436344;B
20240123;100416;6832.000000000;2;9454436515;B
20240123;100420;6831.500000000;2;9454437041;S
20240123;100421;6832.500000000;3;9454437289;B
20240123;100433;6832.000000000;2;9454438984;S
20240123;100433;6832.000000000;1;9454438985;S
20240123;100433;6832.000000000;2;9454438986;S
20240123;100433;6832.000000000;4;9454438987;S
20240123;100433;6831.500000000;5;9454439023;S
20240123;100434;6832.000000000;10;9454439143;B
20240123;100434;6832.500000000;70;9454439144;B
20240123;100434;6832.500000000;1;9454439159;B
20240123;100438;6832.000000000;1;9454439744;S
20240123;100440;6831.500000000;4;9454440045;S
20240123;100440;6832.000000000;8;9454440070;B
20240123;100440;6832.000000000;10;9454440071;B
20240123;100440;6832.500000000;24;9454440072;B
20240123;100440;6832.500000000;13;9454440073;B
20240123;100440;6833.000000000;18;9454440074;B
20240123;100441;6832.500000000;1;9454440244;B
20240123;100446;6831.500000000;1;9454441052;S
20240123;100446;6831.000000000;1;9454441053;S
20240123;100446;6831.000000000;13;9454441054;S
20240123;100446;6830.500000000;8;9454441066;S
20240123;100446;6830.500000000;4;9454441067;S
20240123;100446;6830.500000000;1;9454441157;S
20240123;100446;6830.000000000;10;9454441163;S
20240123;100446;6830.000000000;1;9454441164;S
20240123;100446;6830.000000000;1;9454441165;S
20240123;100446;6830.000000000;10;9454441166;S
20240123;100446;6830.000000000;5;9454441167;S
20240123;100446;6830.000000000;1;9454441219;S
20240123;100451;6830.000000000;1;9454441967;S
20240123;100451;6830.000000000;1;9454441968;S
20240123;100451;6830.000000000;1;9454442000;S
20240123;100451;6830.000000000;2;9454442001;S
20240123;100453;6830.500000000;10;9454442244;B
20240123;100455;6830.500000000;1;9454442645;S
20240123;100456;6832.000000000;2;9454442768;B
20240123;100457;6832.500000000;11;9454442944;B
20240123;100457;6833.000000000;3;9454442945;B
20240123;100459;6831.000000000;2;9454443130;S
20240123;100459;6832.500000000;10;9454443160;B
20240123;100459;6832.500000000;5;9454443161;B
20240123;100500;6832.000000000;24;9454443322;S
20240123;100504;6832.000000000;2;9454443994;S
20240123;100509;6832.500000000;1;9454444814;S
20240123;100509;6833.000000000;4;9454444819;B
20240123;100510;6833.000000000;1;9454444994;B
20240123;100510;6832.500000000;1;9454445007;S
20240123;100511;6832.500000000;1;9454445069;B
20240123;100516;6832.500000000;1;9454446063;B
20240123;100524;6831.500000000;11;9454447135;S
20240123;100524;6831.500000000;24;9454447136;S
20240123;100524;6830.500000000;2;9454447137;S
20240123;100524;6830.500000000;13;9454447138;S
20240123;100529;6830.500000000;6;9454447871;S
20240123;100540;6830.000000000;7;9454449551;S
20240123;100545;6830.000000000;7;9454450306;S
20240123;100547;6830.500000000;1;9454450654;B
20240123;100547;6830.500000000;1;9454450655;B
20240123;100548;6830.000000000;4;9454450750;S
20240123;100548;6830.000000000;1;9454450751;S
20240123;100548;6830.000000000;2;9454450752;S
20240123;100548;6830.000000000;3;9454450753;S
20240123;100548;6830.000000000;2;9454450754;S
20240123;100548;6830.000000000;1;9454450755;S
20240123;100548;6830.000000000;15;9454450756;S
20240123;100548;6830.000000000;240;9454450757;S
20240123;100548;6830.000000000;15;9454450758;S
20240123;100548;6830.000000000;17;9454450759;S
20240123;100551;6830.500000000;1;9454451233;B
20240123;100554;6831.000000000;1;9454451644;B
20240123;100557;6830.000000000;83;9454452224;S
20240123;100557;6830.000000000;3;9454452225;S
20240123;100557;6830.000000000;1;9454452226;S
20240123;100557;6830.000000000;10;9454452227;S
20240123;100557;6830.000000000;1;9454452228;S
20240123;100557;6830.000000000;2;9454452229;S
20240123;100557;6831.000000000;1;9454452255;B
20240123;100559;6831.000000000;1;9454452453;B
20240123;100614;6831.000000000;1;9454455248;B
20240123;100620;6831.000000000;10;9454456304;B
20240123;100627;6830.500000000;5;9454457219;S
20240123;100641;6830.500000000;1;9454459321;B
20240123;100653;6830.500000000;1;9454460892;B
20240123;100700;6830.500000000;1;9454461887;B
20240123;100701;6830.000000000;1;9454462084;S
20240123;100701;6830.000000000;1;9454462085;S
20240123;100701;6830.000000000;3;9454462086;S
20240123;100701;6830.000000000;1;9454462087;S
20240123;100703;6830.000000000;5;9454462355;S
20240123;100703;6830.000000000;7;9454462356;S
20240123;100703;6830.000000000;1;9454462357;S
20240123;100703;6830.000000000;1;9454462358;S
20240123;100703;6830.000000000;9;9454462359;S
20240123;100703;6830.000000000;50;9454462360;S
20240123;100703;6830.000000000;127;9454462361;S
20240123;100704;6830.500000000;1;9454462385;B
20240123;100706;6830.500000000;1;9454462608;B
20240123;100706;6830.000000000;23;9454462619;S
20240123;100706;6830.000000000;1;9454462620;S
20240123;100706;6830.000000000;11;9454462621;S
20240123;100706;6830.000000000;1;9454462622;S
20240123;100706;6830.000000000;1;9454462623;S
20240123;100706;6830.000000000;1;9454462624;S
20240123;100706;6830.000000000;1;9454462625;S
20240123;100706;6830.000000000;1;9454462626;S
20240123;100706;6830.000000000;1;9454462627;S
20240123;100706;6830.000000000;1;9454462628;S
20240123;100706;6830.000000000;1;9454462629;S
20240123;100706;6830.000000000;1;9454462630;S
20240123;100706;6829.500000000;1;9454462631;S
20240123;100706;6829.500000000;1;9454462632;S
20240123;100706;6829.500000000;1;9454462633;S
20240123;100706;6829.500000000;23;9454462634;S
20240123;100706;6830.000000000;44;9454462667;B
20240123;100706;6830.500000000;3;9454462668;B
20240123;100706;6830.000000000;8;9454462724;S
20240123;100709;6830.500000000;2;9454463306;B
20240123;100715;6830.000000000;20;9454464533;S
20240123;100717;6830.000000000;12;9454464913;S
20240123;100720;6830.500000000;1;9454465454;B
20240123;100720;6830.000000000;8;9454465492;S
20240123;100720;6830.000000000;2;9454465493;S
20240123;100725;6830.500000000;10;9454466088;B
20240123;100725;6830.500000000;1;9454466089;B
20240123;100725;6830.500000000;4;9454466090;B
20240123;100726;6830.500000000;10;9454466133;B
20240123;100727;6830.500000000;10;9454466186;B
20240123;100730;6830.500000000;1;9454466600;B
20240123;100730;6830.500000000;5;9454466635;B
20240123;100731;6830.500000000;1;9454466764;B
20240123;100731;6831.000000000;1;9454466765;B
20240123;100733;6831.000000000;5;9454467020;B
20240123;100741;6831.000000000;5;9454468106;B
20240123;100746;6830.500000000;10;9454468870;S
20240123;100746;6830.500000000;7;9454468871;S
20240123;100747;6831.000000000;17;9454469022;B
20240123;100747;6831.000000000;3;9454469023;B
20240123;100748;6830.500000000;1;9454469211;S
20240123;100750;6831.000000000;1;9454469413;B
20240123;100753;6830.500000000;3;9454469704;S
20240123;100753;6830.500000000;1;9454469798;S
20240123;100755;6831.000000000;1;9454470099;B
20240123;100755;6831.500000000;73;9454470100;B
20240123;100759;6833.000000000;1;9454470538;B
20240123;100800;6832.000000000;12;9454470878;S
20240123;100800;6831.500000000;4;9454470879;S
20240123;100803;6833.000000000;9;9454471232;B
20240123;100805;6832.000000000;12;9454471422;S
20240123;100805;6832.000000000;1;9454471423;S
20240123;100805;6831.500000000;6;9454471424;S
20240123;100805;6831.500000000;11;9454471425;S
20240123;100807;6832.000000000;1;9454471878;S
20240123;100809;6833.000000000;217;9454472196;B
20240123;100809;6833.000000000;3;9454472197;B
20240123;100809;6833.000000000;6;9454472198;B
20240123;100809;6834.000000000;5;9454472200;B
20240123;100809;6834.000000000;11;9454472201;B
20240123;100810;6834.500000000;10;9454472322;B
20240123;100810;6834.500000000;10;9454472325;B
20240123;100817;6835.000000000;5;9454473467;B
20240123;100822;6835.000000000;1;9454474165;B
20240123;100825;6835.000000000;2;9454474718;B
20240123;100830;6835.000000000;1;9454475768;B
20240123;100831;6835.000000000;35;9454475923;B
20240123;100831;6835.000000000;27;9454475928;B
20240123;100831;6835.000000000;12;9454475929;B
20240123;100831;6835.500000000;767;9454475930;B
20240123;100831;6835.500000000;39;9454475931;B
20240123;100831;6835.500000000;39;9454475936;B
20240123;100845;6835.000000000;4;9454478089;B
20240123;100845;6835.000000000;1;9454478121;B
20240123;100847;6835.000000000;5;9454478293;B
20240123;100847;6835.500000000;1408;9454478294;B
20240123;100849;6835.500000000;2;9454478539;B
20240123;100849;6835.500000000;3;9454478587;B
20240123;100851;6835.000000000;2;9454478844;S
20240123;100853;6835.500000000;1;9454479057;B
20240123;100857;6835.500000000;1;9454479600;B
20240123;100857;6835.500000000;9;9454479636;B
20240123;100857;6835.500000000;2;9454479669;B
20240123;100857;6835.500000000;7;9454479687;B
20240123;100903;6835.500000000;1;9454480712;B
20240123;100905;6835.500000000;137;9454480979;B
20240123;100905;6835.500000000;164;9454480980;B
20240123;100909;6835.500000000;278;9454481841;B
20240123;100911;6835.500000000;11;9454482219;B
20240123;100911;6835.500000000;1;9454482220;B
20240123;100911;6836.000000000;15;9454482221;B
20240123;100911;6836.000000000;10;9454482222;B
20240123;100911;6836.000000000;1;9454482223;B
20240123;100911;6836.000000000;2;9454482224;B
20240123;100914;6838.000000000;6;9454482498;B
20240123;100918;6838.000000000;1;9454483066;B
20240123;100924;6838.000000000;23;9454483885;B
20240123;100924;6838.000000000;2;9454483886;B
20240123;100924;6838.000000000;10;9454483887;B
20240123;100924;6838.000000000;25;9454483888;B
20240123;100926;6838.500000000;1;9454484057;B
20240123;100934;6838.000000000;1;9454485265;S
20240123;100934;6838.000000000;1;9454485266;S
20240123;100934;6838.000000000;4;9454485267;S
20240123;100952;6838.000000000;6;9454487582;S
20240123;100952;6838.000000000;1;9454487583;S
20240123;100952;6838.000000000;20;9454487584;S
20240123;100952;6838.000000000;2;9454487585;S
20240123;100955;6838.000000000;2;9454487996;S
20240123;100955;6838.000000000;2;9454488105;S
20240123;100959;6838.500000000;1;9454488540;B
20240123;101004;6838.500000000;3;9454489304;B
20240123;101004;6838.500000000;1;9454489305;B
20240123;101011;6838.500000000;1;9454490241;B
20240123;101011;6838.500000000;1;9454490242;B
20240123;101011;6838.500000000;17;9454490243;B
20240123;101012;6838.000000000;1;9454490314;S
20240123;101023;6839.500000000;1;9454491595;B
20240123;101028;6839.500000000;1;9454492214;B
20240123;101034;6839.500000000;1;9454493309;B
20240123;101037;6839.500000000;20;9454493754;B
20240123;101044;6839.500000000;42;9454494648;B
20240123;101047;6839.500000000;2;9454494959;B
20240123;101047;6839.500000000;1;9454494988;B
20240123;101049;6839.000000000;7;9454495110;S
20240123;101103;6839.500000000;10;9454496820;B
20240123;101104;6839.000000000;1;9454496947;S
20240123;101109;6839.500000000;1;9454497413;B
20240123;101110;6839.000000000;4;9454497526;S
20240123;101121;6839.500000000;20;9454499150;B
20240123;101121;6839.000000000;15;9454499151;S
20240123;101121;6839.000000000;1;9454499152;S
20240123;101121;6839.000000000;1;9454499153;S
20240123;101121;6839.000000000;2;9454499154;S
20240123;101121;6839.000000000;3;9454499155;S
20240123;101122;6838.000000000;1;9454499208;S
20240123;101125;6838.000000000;2;9454499633;S
20240123;101128;6837.500000000;15;9454500167;S
20240123;101128;6837.500000000;3;9454500168;S
20240123;101130;6837.000000000;1;9454500331;S
20240123;101134;6836.000000000;1;9454500906;S
20240123;101140;6837.000000000;11;9454501635;B
20240123;101140;6837.500000000;3;9454501636;B
20240123;101140;6837.000000000;1;9454501668;B
20240123;101144;6838.000000000;11;9454502123;B
20240123;101144;6838.500000000;9;9454502124;B
20240123;101145;6838.500000000;11;9454502281;B
20240123;101145;6839.000000000;3;9454502282;B
20240123;101145;6839.000000000;11;9454502283;B
20240123;101145;6839.000000000;44;9454502284;B
20240123;101145;6839.500000000;41;9454502285;B
20240123;101145;6839.500000000;25;9454502286;B
20240123;101145;6839.500000000;32;9454502287;B
20240123;101145;6839.500000000;11;9454502288;B
20240123;101145;6839.500000000;10;9454502289;B
20240123;101145;6840.000000000;20;9454502290;B
20240123;101145;6840.000000000;42;9454502291;B
20240123;101147;6839.500000000;9;9454502521;S
20240123;101147;6840.000000000;1;9454502545;B
20240123;101150;6840.000000000;107;9454502826;B
20240123;101150;6840.000000000;4;9454502827;B
20240123;101152;6842.000000000;2;9454503202;B
20240123;101152;6843.000000000;8;9454503203;B
20240123;101152;6843.000000000;2;9454503269;B
20240123;101152;6843.500000000;8;9454503270;B
20240123;101156;6844.500000000;1;9454503649;B
20240123;101156;6844.500000000;1;9454503650;B
20240123;101156;6845.000000000;10;9454503651;B
20240123;101156;6845.000000000;4;9454503652;B
20240123;101156;6845.000000000;4;9454503653;B
20240123;101156;6845.000000000;1;9454503654;B
20240123;101156;6846.000000000;3;9454503655;B
20240123;101156;6846.000000000;2;9454503656;B
20240123;101156;6846.000000000;4;9454503657;B
20240123;101156;6843.500000000;2;9454503677;S
20240123;101156;6844.500000000;50;9454503716;B
20240123;101156;6845.000000000;10;9454503717;B
20240123;101156;6845.000000000;10;9454503718;B
20240123;101156;6845.500000000;30;9454503719;B
20240123;101158;6845.500000000;2;9454503909;B
20240123;101202;6845.500000000;1;9454504554;B
20240123;101204;6843.500000000;5;9454504714;S
20240123;101204;6845.500000000;17;9454504783;B
20240123;101204;6845.500000000;5;9454504784;B
20240123;101222;6844.500000000;1;9454507189;S
20240123;101223;6846.000000000;1;9454507372;B
20240123;101228;6844.500000000;3;9454507997;S
20240123;101239;6846.500000000;10;9454509473;B
20240123;101239;6846.500000000;10;9454509474;B
20240123;101239;6847.000000000;2;9454509475;B
20240123;101239;6847.000000000;10;9454509476;B
20240123;101239;6847.000000000;73;9454509477;B
20240123;101239;6847.000000000;35;9454509478;B
20240123;101247;6847.500000000;1;9454510233;B
20240123;101247;6847.500000000;1;9454510234;B
20240123;101247;6847.500000000;10;9454510235;B
20240123;101248;6848.000000000;4;9454510293;B
20240123;101249;6848.500000000;1;9454510392;B
20240123;101258;6848.000000000;1;9454511480;S
20240123;101258;6848.000000000;14;9454511481;S
20240123;101306;6848.000000000;5;9454512247;B
20240123;101309;6848.000000000;9;9454512643;B
20240123;101309;6848.000000000;50;9454512644;B
20240123;101309;6848.000000000;10;9454512645;B
20240123;101309;6848.000000000;85;9454512712;S
20240123;101310;6848.500000000;3;9454512788;B
20240123;101322;6848.000000000;1;9454514218;S
20240123;101328;6848.000000000;31;9454515063;S
20240123;101328;6848.000000000;1;9454515191;S
20240123;101328;6848.000000000;1;9454515241;S
20240123;101337;6848.500000000;1;9454516248;B
20240123;101338;6848.500000000;1;9454516323;B
20240123;101338;6848.500000000;2;9454516332;B
20240123;101338;6848.000000000;3;9454516333;S
20240123;101342;6848.000000000;2;9454516725;S
20240123;101343;6848.000000000;1;9454516859;S
20240123;101346;6848.000000000;4;9454517226;S
20240123;101347;6848.000000000;1;9454517395;S
20240123;101348;6848.000000000;1;9454517418;S
20240123;101348;6848.000000000;1;9454517419;S
20240123;101348;6847.000000000;17;9454517420;S
20240123;101350;6848.000000000;7;9454517605;B
20240123;101351;6848.000000000;37;9454517897;B
20240123;101351;6848.000000000;9;9454517898;B
20240123;101351;6848.500000000;2;9454517899;B
20240123;101351;6848.500000000;1;9454517900;B
20240123;101351;6848.500000000;25;9454517901;B
20240123;101351;6848.500000000;1;9454517902;B
20240123;101351;6848.500000000;10;9454517903;B
20240123;101351;6848.500000000;1;9454517904;S
20240123;101352;6849.000000000;1;9454518132;B
20240123;101352;6848.500000000;1;9454518133;S
20240123;101358;6848.500000000;4;9454518903;S
20240123;101400;6849.000000000;4;9454519420;B
20240123;101400;6849.000000000;25;9454519421;B
20240123;101400;6849.000000000;2;9454519422;B
20240123;101400;6849.000000000;1;9454519423;B
20240123;101400;6849.000000000;44;9454519424;B
20240123;101400;6849.000000000;64;9454519425;B
20240123;101400;6849.000000000;4;9454519426;S
20240123;101400;6849.500000000;1;9454519454;B
20240123;101400;6849.500000000;16;9454519455;B
20240123;101400;6849.500000000;1;9454519456;B
20240123;101400;6849.500000000;1;9454519457;B
20240123;101400;6849.500000000;43;9454519458;B
20240123;101406;6849.000000000;5;9454520207;B
20240123;101409;6848.500000000;2;9454520535;S
20240123;101409;6849.000000000;7;9454520560;B
20240123;101412;6848.500000000;60;9454520846;S
20240123;101414;6849.000000000;5;9454520982;B
20240123;101416;6849.000000000;2;9454521307;B
20240123;101420;6849.000000000;2;9454521988;B
20240123;101421;6849.000000000;1;9454522139;B
20240123;101422;6848.500000000;4;9454522154;S
20240123;101423;6848.500000000;3;9454522290;S
20240123;101423;6849.000000000;5;9454522325;B
20240123;101426;6849.000000000;6;9454522877;B
20240123;101426;6849.000000000;44;9454522878;B
20240123;101429;6849.000000000;10;9454523310;B
20240123;101429;6849.000000000;9;9454523311;B
20240123;101429;6849.000000000;9;9454523312;B
20240123;101429;6849.000000000;1;9454523352;B
20240123;101433;6849.000000000;5;9454523804;B
20240123;101433;6849.000000000;1;9454523805;B
20240123;101433;6849.000000000;1;9454523806;B
20240123;101433;6849.000000000;3;9454523807;B
20240123;101433;6849.500000000;17;9454523808;B
20240123;101433;6849.500000000;20;9454523809;B
20240123;101433;6849.500000000;3;9454523810;B
20240123;101435;6849.500000000;1;9454524086;B
20240123;101437;6849.500000000;1;9454524357;B
20240123;101438;6848.500000000;40;9454524430;S
20240123;101439;6848.500000000;5;9454524559;S
20240123;101440;6849.500000000;5;9454524601;B
20240123;101440;6849.500000000;10;9454524602;B
20240123;101440;6850.000000000;28;9454524603;B
20240123;101440;6850.000000000;1;9454524608;B
20240123;101441;6848.500000000;1;9454524695;S
20240123;101442;6848.500000000;1;9454524876;S
20240123;101444;6848.500000000;40;9454525074;S
20240123;101447;6849.000000000;10;9454525381;B
20240123;101447;6849.000000000;44;9454525382;B
20240123;101447;6849.500000000;1;9454525383;B
20240123;101450;6848.500000000;1;9454525994;S
20240123;101454;6849.000000000;3;9454526808;B
20240123;101454;6849.000000000;1;9454526809;B
20240123;101456;6849.000000000;40;9454526935;B
20240123;101456;6849.000000000;3;9454526936;B
20240123;101456;6849.000000000;10;9454526937;B
20240123;101456;6849.000000000;1;9454526938;B
20240123;101459;6849.500000000;1;9454527398;B
20240123;101503;6849.500000000;9;9454528182;B
20240123;101503;6849.500000000;2;9454528183;B
20240123;101503;6849.500000000;1;9454528184;B
20240123;101503;6849.500000000;1;9454528185;B
20240123;101503;6849.500000000;1;9454528186;B
20240123;101503;6849.500000000;1;9454528187;B
20240123;101504;6849.500000000;2;9454528323;B
20240123;101504;6849.500000000;1;9454528409;S
20240123;101504;6850.000000000;13;9454528417;B
20240123;101509;6850.000000000;370;9454529257;B
20240123;101518;6850.000000000;12;9454530953;B
20240123;101519;6850.000000000;2;9454531055;B
20240123;101521;6849.500000000;5;9454531499;S
20240123;101523;6849.500000000;2;9454531714;S
20240123;101527;6850.000000000;1;9454532434;B
20240123;101528;6850.000000000;8;9454532759;B
20240123;101529;6850.000000000;3;9454532851;B
20240123;101530;6849.500000000;36;9454533010;S
20240123;101530;6849.500000000;129;9454533011;S
20240123;101531;6849.500000000;20;9454533318;S
20240123;101532;6849.500000000;2;9454533489;S
20240123;101538;6849.500000000;400;9454534667;S
20240123;101538;6849.500000000;5;9454534668;S
20240123;101538;6849.500000000;21;9454534669;S
20240123;101538;6849.000000000;96;9454534670;S
20240123;101538;6848.500000000;52;9454534671;S
20240123;101538;6848.000000000;1;9454534672;S
20240123;101538;6848.000000000;2;9454534673;S
20240123;101538;6848.000000000;5;9454534674;S
20240123;101538;6847.000000000;15;9454534675;S
20240123;101543;6848.000000000;11;9454535617;B
20240123;101543;6848.000000000;8;9454535618;B
20240123;101545;6848.500000000;1;9454535992;B
20240123;101554;6848.000000000;1;9454537564;B
20240123;101557;6848.000000000;1;9454538138;B
20240123;101558;6847.500000000;3;9454538372;S
20240123;101558;6847.500000000;17;9454538373;S
20240123;101600;6847.500000000;2;9454538880;S
20240123;101602;6847.500000000;25;9454539119;S
20240123;101602;6847.000000000;33;9454539137;S
20240123;101602;6845.500000000;3;9454539384;S
20240123;101602;6845.500000000;1;9454539385;S
20240123;101602;6845.000000000;1;9454539386;S
20240123;101602;6845.000000000;1;9454539395;S
20240123;101609;6845.000000000;15;9454540652;S
20240123;101609;6845.000000000;1;9454540692;S
20240123;101614;6846.500000000;1;9454541551;B
20240123;101617;6845.500000000;4;9454542346;S
20240123;101623;6846.000000000;1;9454543240;S
20240123;101626;6846.500000000;1;9454543784;B
20240123;101626;6846.000000000;5;9454543818;B
20240123;101626;6846.000000000;1;9454543820;B
20240123;101631;6845.500000000;10;9454544421;S
20240123;101631;6845.000000000;3;9454544422;S
20240123;101631;6845.000000000;10;9454544423;S
20240123;101631;6845.000000000;21;9454544424;S
20240123;101633;6845.000000000;2;9454544672;B
20240123;101636;6845.000000000;5;9454545133;B
20240123;101636;6844.500000000;1;9454545141;S
20240123;101640;6844.500000000;7;9454545645;S
20240123;101640;6844.500000000;240;9454545646;S
20240123;101640;6844.500000000;7;9454545647;S
20240123;101640;6844.500000000;87;9454545648;S
20240123;101640;6844.500000000;10;9454545649;S
20240123;101641;6844.000000000;21;9454545876;S
20240123;101641;6843.000000000;5;9454545877;S
20240123;101641;6843.000000000;11;9454545878;S
20240123;101641;6843.000000000;15;9454545879;S
20240123;101643;6844.000000000;1;9454546236;B
20240123;101652;6844.000000000;3;9454547750;B
20240123;101656;6844.000000000;22;9454548266;B
20240123;101700;6843.500000000;1;9454548731;S
20240123;101700;6843.500000000;1;9454548732;S
20240123;101702;6843.000000000;10;9454549011;S
20240123;101702;6843.000000000;1;9454549012;S
20240123;101702;6842.500000000;1;9454549014;S
20240123;101702;6842.000000000;36;9454549016;S
20240123;101702;6842.000000000;1;9454549017;S
20240123;101702;6842.000000000;1;9454549018;S
20240123;101702;6841.500000000;20;9454549024;S
20240123;101702;6841.500000000;187;9454549025;S
20240123;101702;6841.000000000;1;9454549041;S
20240123;101702;6840.500000000;1;9454549068;S
20240123;101702;6840.500000000;2;9454549069;S
20240123;101702;6840.500000000;2;9454549070;S
20240123;101702;6841.000000000;10;9454549137;B
20240123;101704;6840.000000000;1;9454549573;S
20240123;101704;6840.000000000;1;9454549574;S
20240123;101704;6840.000000000;8;9454549575;S
20240123;101704;6840.000000000;1;9454549576;S
20240123;101704;6840.000000000;1;9454549577;S
20240123;101708;6840.000000000;1;9454550429;B
20240123;101709;6840.000000000;29;9454550542;B
20240123;101716;6839.000000000;1;9454551623;S
20240123;101716;6839.000000000;5;9454551625;B
20240123;101719;6838.500000000;10;9454552015;S
20240123;101719;6838.000000000;1;9454552016;S
20240123;101719;6838.000000000;1;9454552017;S
20240123;101719;6838.000000000;1;9454552018;S
20240123;101719;6838.000000000;1;9454552019;S
20240123;101719;6838.000000000;6;9454552020;S
20240123;101725;6838.500000000;1;9454552947;B
20240123;101727;6838.500000000;2;9454553101;B
20240123;101727;6838.500000000;1;9454553102;B
20240123;101728;6838.500000000;1;9454553294;B
20240123;101731;6838.000000000;1;9454553572;S
20240123;101737;6838.500000000;7;9454554705;B
20240123;101742;6838.500000000;35;9454555584;B
20240123;101742;6839.000000000;44;9454555585;B
20240123;101742;6839.000000000;18;9454555586;B
20240123;101742;6839.500000000;6;9454555587;B
20240123;101742;6839.500000000;73;9454555588;B
20240123;101742;6839.500000000;10;9454555589;B
20240123;101742;6840.000000000;146;9454555590;B
20240123;101742;6840.000000000;12;9454555591;B
20240123;101742;6840.000000000;1;9454555592;B
20240123;101742;6840.000000000;15;9454555593;B
20240123;101748;6842.000000000;2;9454556201;B
20240123;101750;6842.000000000;1;9454556379;B
20240123;101751;6840.500000000;2;9454556546;S
20240123;101752;6840.500000000;2;9454556610;S
20240123;101753;6840.500000000;6;9454556743;S
20240123;101753;6840.500000000;5;9454556744;S
20240123;101800;6842.500000000;2;9454557530;B
20240123;101803;6841.500000000;1;9454557819;S
20240123;101803;6841.500000000;6;9454557820;S
20240123;101808;6841.500000000;1;9454558290;S
20240123;101808;6841.000000000;3;9454558291;S
20240123;101808;6841.000000000;1;9454558292;S
20240123;101808;6841.000000000;15;9454558293;S
20240123;101815;6842.000000000;1;9454559055;B
20240123;101815;6842.500000000;1;9454559056;B
20240123;101815;6841.000000000;1;9454559062;S
20240123;101823;6841.000000000;1;9454559836;S
20240123;101829;6842.500000000;10;9454560568;B
20240123;101832;6842.500000000;1;9454560852;B
20240123;101834;6842.500000000;9;9454560995;B
20240123;101834;6842.500000000;1;9454560996;B
20240123;101835;6841.000000000;8;9454561118;S
20240123;101835;6841.000000000;17;9454561119;S
20240123;101837;6841.000000000;7;9454561360;B
20240123;101838;6841.000000000;1;9454561421;B
20240123;101847;6840.500000000;10;9454562624;S
20240123;101847;6840.500000000;1;9454562625;S
20240123;101850;6841.000000000;1;9454563071;B
20240123;101851;6841.000000000;1;9454563297;B
20240123;101852;6840.500000000;1;9454563371;S
20240123;101858;6841.000000000;2;9454564779;B
20240123;101901;6841.000000000;13;9454565229;B
20240123;101901;6841.500000000;14;9454565230;B
20240123;101903;6842.500000000;1;9454565474;B
20240123;101903;6842.500000000;1;9454565475;B
20240123;101903;6842.500000000;3;9454565490;B
20240123;101903;6842.500000000;7;9454565499;B
20240123;101903;6842.500000000;10;9454565500;B
20240123;101903;6842.500000000;17;9454565501;B
20240123;101903;6843.000000000;1;9454565502;B
20240123;101909;6842.500000000;1;9454566168;B
20240123;101910;6842.500000000;10;9454566456;B
20240123;101910;6842.500000000;17;9454566457;B
20240123;101910;6842.500000000;10;9454566458;B
20240123;101910;6843.000000000;349;9454566459;B
20240123;101910;6843.000000000;15;9454566460;B
20240123;101910;6843.000000000;11;9454566461;B
20240123;101910;6843.500000000;12;9454566462;B
20240123;101910;6843.500000000;11;9454566463;B
20240123;101910;6843.500000000;73;9454566464;B
20240123;101910;6844.500000000;49;9454566465;B
20240123;101910;6845.000000000;60;9454566466;B
20240123;101910;6845.000000000;10;9454566467;B
20240123;101910;6846.000000000;24;9454566468;B
20240123;101910;6846.000000000;36;9454566469;B
20240123;101910;6846.500000000;60;9454566470;B
20240123;101910;6847.500000000;44;9454566471;B
20240123;101910;6847.500000000;60;9454566472;B
20240123;101910;6848.000000000;20;9454566473;B
20240123;101910;6848.000000000;2;9454566474;B
20240123;101910;6848.000000000;50;9454566475;B
20240123;101910;6848.000000000;44;9454566476;B
20240123;101910;6848.500000000;25;9454566477;B
20240123;101910;6848.500000000;30;9454566478;B
20240123;101910;6848.500000000;90;9454566479;B
20240123;101910;6849.000000000;25;9454566480;B
20240123;101910;6849.000000000;600;9454566481;B
20240123;101910;6849.000000000;5;9454566482;B
20240123;101910;6849.500000000;2;9454566483;B
20240123;101910;6849.500000000;1;9454566484;B
20240123;101910;6849.500000000;38;9454566485;B
20240123;101910;6849.500000000;300;9454566486;B
20240123;101910;6849.500000000;10;9454566487;B
20240123;101910;6849.500000000;5;9454566488;B
20240123;101910;6850.000000000;439;9454566489;B
20240123;101910;6849.000000000;2;9454566529;S
20240123;101920;6849.500000000;1;9454567647;B
20240123;101921;6848.000000000;4;9454567794;S
20240123;101927;6849.000000000;10;9454568511;B
20240123;101927;6848.500000000;10;9454568512;S
20240123;101927;6848.500000000;10;9454568513;S
20240123;101927;6849.000000000;10;9454568516;S
20240123;101930;6848.500000000;1;9454568901;S
20240123;101930;6848.500000000;14;9454568902;S
20240123;101930;6848.000000000;12;9454568903;S
20240123;101932;6849.000000000;1;9454569093;B
20240123;102004;6848.500000000;2;9454574293;B
20240123;102009;6848.500000000;10;9454575110;B
20240123;102009;6848.500000000;1;9454575111;B
20240123;102009;6848.500000000;1;9454575112;B
20240123;102009;6848.500000000;1;9454575143;B
20240123;102009;6848.500000000;2;9454575144;B
20240123;102010;6848.500000000;10;9454575365;S
20240123;102018;6849.000000000;1;9454576398;B
20240123;102023;6848.500000000;5;9454577034;S
20240123;102030;6848.500000000;6;9454577697;S
20240123;102040;6849.000000000;19;9454578804;B
20240123;102040;6849.000000000;13;9454578805;B
20240123;102040;6849.000000000;1;9454578806;B
20240123;102040;6849.000000000;1;9454578807;B
20240123;102040;6849.000000000;5;9454578808;B
20240123;102040;6849.000000000;1;9454578809;B
20240123;102040;6849.000000000;1;9454578810;B
20240123;102040;6849.000000000;1;9454578811;B
20240123;102040;6849.500000000;1;9454578812;B
20240123;102040;6849.500000000;2;9454578813;B
20240123;102040;6849.500000000;1;9454578814;B
20240123;102040;6850.000000000;104;9454578815;B
20240123;102041;6849.000000000;2;9454578989;S
20240123;102041;6848.500000000;3;9454578990;S
20240123;102053;6848.500000000;30;9454580545;S
20240123;102053;6848.500000000;40;9454580546;S
20240123;102055;6849.500000000;10;9454580906;B
20240123;102055;6849.500000000;7;9454580907;B
20240123;102058;6848.500000000;3;9454581522;S
20240123;102113;6849.500000000;6;9454583847;B
20240123;102119;6849.500000000;1;9454584507;B
20240123;102119;6849.500000000;30;9454584626;B
20240123;102120;6849.000000000;1;9454584721;S
20240123;102120;6849.500000000;18;9454584722;B
20240123;102120;6849.500000000;2;9454584723;B
20240123;102124;6849.000000000;4;9454585207;S
20240123;102124;6849.000000000;26;9454585208;S
20240123;102125;6849.500000000;1;9454585283;B
20240123;102127;6849.000000000;38;9454585468;S
20240123;102127;6848.500000000;10;9454585469;S
20240123;102127;6848.500000000;4;9454585470;S
20240123;102127;6848.500000000;48;9454585471;S
20240123;102128;6849.500000000;1;9454585612;B
20240123;102128;6849.500000000;10;9454585642;B
20240123;102132;6849.500000000;10;9454586128;S
20240123;102132;6849.500000000;80;9454586164;S
20240123;102134;6849.500000000;4;9454586409;B
20240123;102145;6849.500000000;1;9454587812;B
20240123;102146;6849.000000000;1;9454587950;S
20240123;102148;6848.500000000;2;9454588091;S
20240123;102148;6848.500000000;10;9454588092;S
20240123;102148;6848.000000000;1;9454588127;S
20240123;102148;6848.000000000;26;9454588128;S
20240123;102148;6848.000000000;26;9454588129;S
20240123;102148;6848.000000000;58;9454588130;S
20240123;102148;6848.000000000;5;9454588131;S
20240123;102148;6848.000000000;1;9454588132;S
20240123;102148;6848.000000000;1;9454588133;S
20240123;102148;6848.000000000;5;9454588134;S
20240123;102148;6848.000000000;10;9454588135;S
20240123;102148;6848.000000000;1;9454588168;S
20240123;102148;6848.000000000;1;9454588169;S
20240123;102148;6848.000000000;1;9454588182;S
20240123;102149;6848.000000000;1;9454588248;S
20240123;102149;6848.000000000;1;9454588270;S
20240123;102151;6848.000000000;1;9454588494;S
20240123;102153;6848.500000000;1;9454588658;B
20240123;102157;6848.000000000;1;9454589176;S
20240123;102157;6848.000000000;1;9454589182;B
20240123;102202;6848.000000000;1;9454589640;S
20240123;102202;6847.500000000;13;9454589641;S
20240123;102202;6847.500000000;1;9454589642;S
20240123;102202;6847.000000000;16;9454589643;S
20240123;102202;6847.000000000;59;9454589644;S
20240123;102202;6847.000000000;9;9454589645;S
20240123;102206;6847.500000000;2;9454590021;B
20240123;102206;6847.500000000;1;9454590022;B
20240123;102206;6847.500000000;3;9454590023;B
20240123;102207;6847.000000000;12;9454590310;S
20240123;102218;6847.500000000;1;9454591245;B
20240123;102218;6847.000000000;10;9454591307;S
20240123;102219;6847.000000000;3;9454591364;B
20240123;102220;6847.000000000;1;9454591502;B
20240123;102222;6847.000000000;1;9454591598;B
20240123;102227;6846.500000000;1;9454592353;S
20240123;102237;6846.500000000;1;9454593594;S
20240123;102240;6846.500000000;2;9454593921;S
20240123;102240;6846.500000000;8;9454593922;S
20240123;102250;6846.500000000;20;9454595014;S
20240123;102258;6846.500000000;1;9454595952;S
20240123;102300;6847.000000000;1;9454596141;B
20240123;102307;6847.000000000;14;9454596783;B
20240123;102307;6847.000000000;1;9454596784;B
20240123;102307;6847.000000000;1;9454596785;B
20240123;102307;6847.500000000;12;9454596786;B
20240123;102307;6848.000000000;2;9454596787;B
20240123;102309;6848.000000000;2;9454597029;B
20240123;102309;6846.500000000;15;9454597060;S
20240123;102309;6846.500000000;10;9454597061;S
20240123;102309;6846.500000000;1;9454597062;S
20240123;102309;6846.500000000;60;9454597063;S
20240123;102309;6846.000000000;13;9454597064;S
20240123;102316;6847.000000000;10;9454597831;S
20240123;102316;6846.500000000;25;9454597832;S
20240123;102323;6847.000000000;12;9454598557;S
20240123;102323;6846.500000000;188;9454598558;S
20240123;102327;6848.000000000;1;9454598997;B
20240123;102338;6846.500000000;2;9454600798;S
20240123;102342;6846.500000000;1;9454601280;S
20240123;102345;6846.500000000;40;9454601526;S
20240123;102345;6847.500000000;2;9454601639;B
20240123;102353;6847.500000000;2;9454603291;B
20240123;102353;6847.500000000;1;9454603292;B
20240123;102355;6846.500000000;9;9454603524;S
20240123;102355;6847.500000000;1;9454603668;B
20240123;102357;6846.500000000;1;9454603798;S
20240123;102357;6847.500000000;1;9454603875;B
20240123;102402;6846.500000000;2;9454604562;S
20240123;102420;6846.500000000;1;9454607312;S
20240123;102424;6847.000000000;4;9454607640;B
20240123;102428;6847.500000000;1;9454607922;B
20240123;102441;6847.500000000;1;9454610068;B
20240123;102442;6847.500000000;2;9454610219;B
20240123;102443;6847.500000000;1;9454610471;B
20240123;102443;6847.500000000;1;9454610477;B
20240123;102455;6847.000000000;11;9454612337;S
20240123;102455;6847.000000000;4;9454612338;S
20240123;102459;6847.000000000;5;9454612784;S
20240123;102505;6847.500000000;1;9454613622;B
20240123;102505;6847.500000000;1;9454613623;B
20240123;102509;6847.000000000;1;9454614022;S
20240123;102523;6847.000000000;59;9454615721;S
20240123;102523;6847.000000000;11;9454615722;S
20240123;102523;6847.000000000;1;9454615727;S
20240123;102534;6847.000000000;4;9454616776;B
20240123;102535;6847.000000000;1;9454616820;B
20240123;102536;6847.000000000;1;9454616927;B
20240123;102536;6847.500000000;2;9454616928;B
20240123;102536;6847.500000000;1;9454616936;B
20240123;102543;6847.500000000;2;9454617720;B
20240123;102544;6847.000000000;5;9454617827;S
20240123;102547;6847.500000000;1;9454618158;B
20240123;102547;6847.500000000;12;9454618159;B
20240123;102547;6847.500000000;2;9454618160;B
20240123;102548;6847.500000000;2;9454618417;B
20240123;102607;6847.500000000;1;9454620520;B
20240123;102611;6847.500000000;1;9454620972;B
20240123;102624;6847.500000000;5;9454622422;B
20240123;102626;6847.500000000;3;9454622504;S
20240123;102633;6847.500000000;1;9454623241;S
20240123;102636;6848.000000000;7;9454623414;B
20240123;102637;6848.000000000;1;9454623496;B
20240123;102638;6848.000000000;4;9454623574;B
20240123;102701;6847.500000000;3;9454625882;S
20240123;102701;6847.500000000;1;9454625883;S
20240123;102701;6847.500000000;8;9454625884;S
20240123;102703;6848.000000000;3;9454626052;B
20240123;102703;6848.000000000;5;9454626053;B
20240123;102704;6847.500000000;1;9454626204;S
20240123;102705;6848.000000000;1;9454626296;B
20240123;102705;6848.000000000;1;9454626369;B
20240123;102705;6848.000000000;2;9454626388;B
20240123;102706;6848.000000000;15;9454626714;B
20240123;102707;6848.000000000;1;9454626943;B
20240123;102708;6848.000000000;1;9454627068;B
20240123;102717;6848.000000000;30;9454628370;B
20240123;102719;6848.000000000;3;9454628690;B
20240123;102723;6848.000000000;12;9454629128;B
20240123;102724;6848.000000000;3;9454629291;B
20240123;102728;6847.500000000;1;9454629924;S
20240123;102730;6847.500000000;2;9454630225;S
20240123;102732;6847.500000000;3;9454630430;S
20240123;102732;6847.000000000;5;9454630431;S
20240123;102732;6847.000000000;58;9454630432;S
20240123;102732;6847.000000000;1;9454630433;S
20240123;102734;6847.000000000;2;9454630768;S
20240123;102734;6847.000000000;13;9454630769;S
20240123;102734;6846.500000000;1;9454630770;S
20240123;102734;6846.500000000;20;9454630771;S
20240123;102743;6847.500000000;1;9454631974;B
20240123;102743;6847.000000000;10;9454632049;S
20240123;102743;6847.000000000;15;9454632050;S
20240123;102744;6847.000000000;13;9454632362;S
20240123;102744;6847.000000000;2;9454632363;S
20240123;102744;6846.500000000;2;9454632364;S
20240123;102744;6846.500000000;10;9454632365;S
20240123;102744;6846.500000000;1;9454632366;S
20240123;102744;6846.500000000;27;9454632367;S
20240123;102751;6847.500000000;7;9454633808;B
20240123;102751;6848.000000000;3;9454633809;B
20240123;102752;6847.500000000;1;9454633886;B
20240123;102806;6848.000000000;1;9454636206;B
20240123;102807;6848.000000000;9;9454636401;B
20240123;102823;6848.000000000;4;9454640387;B
20240123;102829;6848.000000000;15;9454641604;B
20240123;102831;6848.000000000;1;9454642093;B
20240123;102835;6848.000000000;18;9454642881;B
20240123;102838;6848.000000000;10;9454643551;B
20240123;102838;6847.500000000;36;9454643656;S
20240123;102838;6847.000000000;11;9454643657;S
20240123;102838;6847.000000000;1;9454643658;S
20240123;102838;6847.000000000;1;9454643659;S
20240123;102838;6847.000000000;1;9454643660;S
20240123;102838;6847.000000000;11;9454643661;S
20240123;102838;6847.000000000;64;9454643662;S
20240123;102838;6846.500000000;5;9454643663;S
20240123;102845;6847.500000000;10;9454645071;B
20240123;102845;6847.500000000;5;9454645072;B
20240123;102853;6847.000000000;2;9454646617;S
20240123;102855;6847.000000000;1;9454646952;S
20240123;102905;6847.000000000;2;9454649115;S
20240123;102905;6848.000000000;1;9454649167;B
20240123;102907;6848.000000000;1;9454649402;B
20240123;102910;6848.000000000;3;9454649839;B
20240123;102922;6847.000000000;36;9454651383;S
20240123;102922;6847.000000000;15;9454651415;B
20240123;102925;6847.000000000;1;9454651686;B
20240123;102927;6847.000000000;2;9454651887;B
20240123;102928;6847.000000000;1;9454652009;B
20240123;102934;6846.500000000;68;9454652690;S
20240123;102934;6846.500000000;63;9454652691;S
20240123;102937;6847.500000000;1;9454653717;B
20240123;102953;6846.500000000;10;9454655429;S
20240123;102953;6846.500000000;10;9454655430;S
20240123;102954;6847.000000000;2;9454655481;B
20240123;102954;6847.500000000;2;9454655482;B
20240123;102954;6847.500000000;1;9454655483;B
20240123;102954;6847.500000000;5;9454655484;B
20240123;102957;6848.000000000;2;9454655906;B
20240123;102959;6846.500000000;20;9454656181;S
20240123;103003;6847.500000000;1;9454656677;B
20240123;103006;6846.500000000;1;9454657036;S
20240123;103010;6847.500000000;2;9454657428;B
20240123;103021;6847.500000000;1;9454658826;B
20240123;103021;6846.500000000;1;9454658833;S
20240123;103026;6847.000000000;1;9454659291;B
20240123;103029;6847.500000000;1;9454659607;B
20240123;103031;6847.500000000;1;9454659691;B
20240123;103031;6846.500000000;1;9454659760;S
20240123;103035;6847.500000000;15;9454660191;B
20240123;103040;6846.500000000;30;9454660594;S
20240123;103041;6847.500000000;3;9454660689;B
20240123;103042;6847.500000000;2;9454660739;B
20240123;103044;6846.500000000;1;9454661048;S
20240123;103049;6847.500000000;2;9454661494;B
20240123;103051;6847.500000000;1;9454661890;B
20240123;103054;6847.500000000;1;9454662195;B
20240123;103056;6847.500000000;2;9454662369;B
20240123;103102;6847.500000000;2;9454663043;B
20240123;103105;6847.500000000;1;9454663257;B
20240123;103107;6847.500000000;6;9454663481;B
20240123;103107;6847.500000000;10;9454663482;B
20240123;103107;6848.000000000;17;9454663483;B
20240123;103110;6847.500000000;1;9454663818;B
20240123;103121;6847.500000000;3;9454665064;B
20240123;103123;6847.000000000;1;9454665437;S
20240123;103125;6847.000000000;8;9454665568;S
20240123;103126;6847.500000000;10;9454665656;B
20240123;103137;6847.500000000;1;9454666989;B
20240123;103140;6847.000000000;5;9454667590;S
20240123;103141;6847.500000000;10;9454667719;B
20240123;103149;6847.000000000;1;9454668876;S
20240123;103150;6847.000000000;35;9454669168;S
20240123;103152;6846.500000000;1;9454669393;S
20240123;103153;6846.500000000;4;9454669582;S
20240123;103153;6846.500000000;11;9454669583;S
20240123;103153;6846.500000000;12;9454669584;S
20240123;103153;6846.500000000;23;9454669585;S
20240123;103153;6846.500000000;10;9454669586;S
20240123;103153;6846.500000000;119;9454669587;S
20240123;103154;6846.500000000;10;9454669732;B
20240123;103154;6847.000000000;1;9454669795;B
20240123;103157;6847.000000000;2;9454670139;B
20240123;103159;6847.000000000;1;9454670491;B
20240123;103212;6847.500000000;15;9454672312;B
20240123;103218;6847.500000000;20;9454673108;B
20240123;103219;6847.500000000;4;9454673146;B
20240123;103219;6847.000000000;8;9454673196;S
20240123;103232;6847.000000000;1;9454674926;S
20240123;103232;6847.000000000;6;9454674927;S
20240123;103232;6846.500000000;5;9454674928;S
20240123;103235;6846.500000000;2;9454675267;S
20240123;103244;6847.500000000;19;9454677102;B
20240123;103246;6846.500000000;1;9454677570;S
20240123;103251;6847.000000000;1;9454678147;B
20240123;103254;6846.500000000;2;9454678615;S
20240123;103258;6847.500000000;2;9454679206;B
20240123;103310;6847.500000000;19;9454681221;B
20240123;103310;6847.500000000;1;9454681222;B
20240123;103311;6847.500000000;2;9454681400;B
20240123;103313;6847.000000000;1;9454681834;S
20240123;103317;6847.000000000;40;9454682454;S
20240123;103328;6847.000000000;10;9454683813;B
20240123;103334;6846.500000000;1;9454684363;S
20240123;103334;6846.500000000;1;9454684364;S
20240123;103342;6847.000000000;2;9454685727;B
20240123;103351;6846.500000000;1;9454687426;S
20240123;103351;6846.500000000;4;9454687427;S
20240123;103401;6847.000000000;1;9454689403;B
20240123;103406;6847.000000000;13;9454690134;B
20240123;103406;6847.000000000;1;9454690249;B
20240123;103409;6847.000000000;1;9454690623;B
20240123;103409;6847.000000000;2;9454690642;B
20240123;103422;6846.500000000;5;9454692733;S
20240123;103422;6847.000000000;1;9454692755;B
20240123;103430;6847.000000000;2;9454693864;B
20240123;103430;6846.500000000;1;9454693967;S
20240123;103430;6846.500000000;1;9454693968;S
20240123;103430;6846.500000000;1;9454693969;S
20240123;103430;6846.500000000;56;9454693970;S
20240123;103430;6846.000000000;1;9454693971;S
20240123;103430;6846.000000000;3;9454693972;S
20240123;103430;6846.000000000;1;9454693973;S
20240123;103430;6846.000000000;2;9454693974;S
20240123;103430;6846.000000000;2;9454693975;S
20240123;103430;6846.000000000;1;9454693976;S
20240123;103430;6846.000000000;31;9454693977;S
20240123;103448;6845.500000000;12;9454696587;B
20240123;103501;6845.500000000;2;9454698282;B
20240123;103503;6846.500000000;1;9454698591;B
20240123;103522;6846.000000000;2;9454700892;B
20240123;103532;6846.000000000;2;9454702020;B
20240123;103550;6846.000000000;1;9454704588;B
20240123;103553;6846.000000000;1;9454705030;B
20240123;103555;6845.500000000;2;9454705348;S
20240123;103558;6846.000000000;3;9454705828;B
20240123;103602;6845.500000000;1;9454706465;S
20240123;103618;6845.000000000;5;9454709637;S
20240123;103618;6845.000000000;29;9454709638;S
20240123;103618;6845.000000000;1;9454709639;S
20240123;103627;6845.500000000;1;9454711019;B
20240123;103627;6845.000000000;12;9454711093;S
20240123;103628;6845.000000000;1;9454711235;S
20240123;103628;6845.000000000;5;9454711236;S
20240123;103637;6846.000000000;1;9454712654;B
20240123;103639;6845.000000000;2;9454712921;S
20240123;103651;6846.000000000;1;9454714567;B
20240123;103655;6845.000000000;2;9454714992;S
20240123;103656;6845.000000000;1;9454715193;S
20240123;103701;6846.000000000;5;9454715996;B
20240123;103704;6846.000000000;1;9454716475;B
20240123;103708;6845.000000000;1;9454717007;S
20240123;103709;6846.000000000;1;9454717257;B
20240123;103718;6846.000000000;1;9454718715;B
20240123;103728;6845.500000000;36;9454720282;B
20240123;103728;6846.000000000;24;9454720283;B
20240123;103734;6846.000000000;2;9454721099;B
20240123;103735;6846.000000000;5;9454721243;B
20240123;103735;6846.000000000;10;9454721244;B
20240123;103741;6845.000000000;1;9454721942;S
20240123;103743;6845.500000000;15;9454722204;B
20240123;103757;6845.500000000;1;9454724131;B
20240123;103758;6845.000000000;3;9454724234;S
20240123;103758;6845.000000000;1;9454724235;S
20240123;103758;6845.000000000;1;9454724236;S
20240123;103758;6845.000000000;1;9454724237;S
20240123;103758;6845.000000000;1;9454724238;S
20240123;103758;6844.500000000;8;9454724239;S
20240123;103758;6844.500000000;11;9454724240;S
20240123;103758;6844.000000000;1;9454724241;S
20240123;103758;6844.000000000;54;9454724242;S
20240123;103758;6844.000000000;10;9454724243;S
20240123;103758;6843.000000000;12;9454724244;S
20240123;103758;6842.500000000;2;9454724245;S
20240123;103758;6842.500000000;11;9454724246;S
20240123;103758;6842.500000000;27;9454724247;S
20240123;103758;6842.500000000;15;9454724248;S
20240123;103758;6842.000000000;2;9454724249;S
20240123;103758;6842.000000000;11;9454724250;S
20240123;103758;6842.000000000;88;9454724251;S
20240123;103758;6842.000000000;1;9454724252;S
20240123;103758;6842.000000000;60;9454724253;S
20240123;103758;6842.000000000;2;9454724254;S
20240123;103758;6841.500000000;1;9454724255;S
20240123;103758;6841.500000000;5;9454724256;S
20240123;103758;6841.500000000;11;9454724257;S
20240123;103758;6841.500000000;30;9454724258;S
20240123;103758;6841.500000000;131;9454724259;S
20240123;103805;6843.500000000;5;9454725196;B
20240123;103806;6843.500000000;1;9454725363;B
20240123;103808;6843.000000000;1;9454725585;S
20240123;103808;6843.000000000;1;9454725586;S
20240123;103808;6842.500000000;6;9454725687;S
20240123;103818;6843.000000000;10;9454726699;S
20240123;103828;6843.000000000;10;9454727931;S
20240123;103828;6843.000000000;14;9454727932;S
20240123;103828;6843.000000000;8;9454727933;S
20240123;103831;6843.000000000;4;9454728189;B
20240123;103847;6843.000000000;1;9454730123;B
20240123;103847;6844.500000000;2;9454730124;B
20240123;103848;6843.000000000;10;9454730147;S
20240123;103848;6842.500000000;5;9454730148;S
20240123;103848;6844.000000000;4;9454730259;B
20240123;103858;6843.000000000;10;9454731528;S
20240123;103903;6843.000000000;1;9454732237;B
20240123;103903;6843.000000000;2;9454732322;B
20240123;103905;6843.000000000;1;9454732524;B
20240123;103906;6843.000000000;1;9454732783;B
20240123;103908;6842.500000000;6;9454732942;S
20240123;103913;6844.000000000;5;9454733680;B
20240123;103919;6844.500000000;1;9454734364;B
20240123;103922;6843.000000000;3;9454734666;S
20240123;103922;6843.000000000;3;9454734667;S
20240123;103926;6843.000000000;10;9454735197;B
20240123;103928;6843.000000000;5;9454735361;B
20240123;103928;6842.500000000;3;9454735388;S
20240123;103930;6843.000000000;52;9454735582;B
20240123;103930;6843.500000000;11;9454735583;B
20240123;103930;6844.000000000;10;9454735584;B
20240123;103930;6844.500000000;49;9454735585;B
20240123;103930;6844.500000000;1;9454735586;B
20240123;103930;6845.000000000;21;9454735587;B
20240123;103932;6845.500000000;10;9454735922;B
20240123;103948;6845.000000000;21;9454737768;S
20240123;103948;6845.500000000;1;9454737853;B
20240123;103955;6845.000000000;9;9454738884;S
20240123;103955;6845.000000000;5;9454738885;S
20240123;103955;6844.500000000;5;9454738886;S
20240123;104005;6845.500000000;3;9454740037;B
20240123;104008;6844.000000000;4;9454740252;S
20240123;104010;6845.500000000;1;9454740519;B
20240123;104010;6845.000000000;1;9454740544;S
20240123;104010;6845.000000000;1;9454740547;B
20240123;104013;6844.500000000;1;9454740905;S
20240123;104020;6844.000000000;1;9454741592;S
20240123;104020;6844.000000000;1;9454741593;S
20240123;104020;6843.500000000;2;9454741594;S
20240123;104023;6845.000000000;4;9454741880;B
20240123;104028;6843.500000000;1;9454742283;S
20240123;104037;6845.000000000;1;9454743574;B
20240123;104039;6845.000000000;3;9454743922;B
20240123;104041;6845.000000000;4;9454744081;B
20240123;104041;6845.500000000;8;9454744082;B
20240123;104048;6844.000000000;2;9454744811;S
20240123;104048;6845.500000000;1;9454744814;B
20240123;104103;6845.000000000;1;9454746366;B
20240123;104108;6843.500000000;1;9454746983;S
20240123;104111;6844.000000000;1;9454747440;B
20240123;104112;6844.000000000;3;9454747478;B
20240123;104114;6844.000000000;2;9454747618;B
20240123;104122;6843.500000000;10;9454748686;S
20240123;104122;6843.500000000;3;9454748687;S
20240123;104128;6843.500000000;1;9454749372;S
20240123;104128;6843.500000000;1;9454749373;S
20240123;104130;6844.000000000;1;9454749550;B
20240123;104133;6844.000000000;1;9454749917;B
20240123;104135;6843.000000000;1;9454750051;S
20240123;104135;6843.000000000;7;9454750052;S
20240123;104148;6843.000000000;2;9454751284;S
20240123;104150;6844.000000000;1;9454751478;B
20240123;104153;6844.000000000;1;9454751867;B
20240123;104210;6844.000000000;2;9454753974;B
20240123;104210;6844.000000000;1;9454753997;B
20240123;104211;6843.000000000;1;9454754107;S
20240123;104219;6844.000000000;1;9454754893;B
20240123;104219;6844.000000000;15;9454754954;B
20240123;104219;6844.500000000;1;9454754955;B
20240123;104221;6844.500000000;2;9454755162;B
20240123;104225;6844.500000000;3;9454755624;B
20240123;104228;6843.000000000;3;9454755912;S
20240123;104232;6844.500000000;5;9454756463;B
20240123;104232;6845.000000000;3;9454756464;B
20240123;104239;6843.500000000;10;9454757340;S
20240123;104239;6843.000000000;6;9454757341;S
20240123;104239;6843.000000000;1;9454757342;S
20240123;104247;6844.500000000;5;9454758166;B
20240123;104248;6843.000000000;1;9454758190;S
20240123;104248;6843.000000000;1;9454758191;S
20240123;104248;6843.000000000;3;9454758192;S
20240123;104249;6843.000000000;5;9454758370;S
20240123;104300;6844.000000000;2;9454759692;B
20240123;104300;6845.000000000;19;9454759693;B
20240123;104308;6843.500000000;3;9454760483;S
20240123;104321;6843.000000000;2;9454761831;S
20240123;104327;6843.000000000;1;9454762397;S
20240123;104330;6844.000000000;3;9454762630;B
20240123;104330;6845.000000000;4;9454762631;B
20240123;104335;6844.500000000;1;9454763293;B
20240123;104343;6843.000000000;4;9454764457;S
20240123;104347;6844.500000000;2;9454764875;B
20240123;104348;6843.500000000;2;9454764919;S
20240123;104355;6844.000000000;1;9454765884;B
20240123;104407;6844.000000000;1;9454767201;B
20240123;104407;6844.500000000;9;9454767202;B
20240123;104416;6843.000000000;5;9454768156;S
20240123;104416;6843.000000000;6;9454768157;S
20240123;104416;6843.000000000;1;9454768158;S
20240123;104416;6843.000000000;1;9454768159;S
20240123;104416;6843.000000000;4;9454768160;S
20240123;104428;6843.000000000;2;9454769267;S
20240123;104429;6843.000000000;1;9454769415;S
20240123;104448;6844.000000000;1;9454772007;B
20240123;104448;6844.000000000;1;9454772036;B
20240123;104501;6844.000000000;1;9454773880;B
20240123;104501;6844.000000000;50;9454773881;B
20240123;104505;6844.000000000;1;9454774288;B
20240123;104506;6843.500000000;2;9454774477;S
20240123;104508;6843.500000000;1;9454774649;S
20240123;104508;6843.500000000;9;9454774650;S
20240123;104508;6843.500000000;11;9454774659;S
20240123;104512;6844.000000000;1;9454775004;B
20240123;104519;6844.000000000;4;9454775757;B
20240123;104538;6844.000000000;1;9454778141;B
20240123;104546;6843.000000000;1;9454779021;S
20240123;104546;6843.000000000;10;9454779022;S
20240123;104553;6842.500000000;1;9454780063;S
20240123;104557;6842.500000000;35;9454780873;S
20240123;104557;6842.000000000;8;9454780874;S
20240123;104605;6843.500000000;1;9454781916;B
20240123;104608;6842.000000000;1;9454782235;S
20240123;104609;6842.500000000;3;9454782342;S
20240123;104612;6842.500000000;3;9454782754;S
20240123;104619;6843.500000000;9;9454783558;B
20240123;104619;6843.500000000;3;9454783559;B
20240123;104622;6843.000000000;1;9454783946;S
20240123;104622;6843.500000000;1;9454784007;B
20240123;104623;6843.000000000;1;9454784042;S
20240123;104626;6843.000000000;1;9454784265;S
20240123;104628;6843.000000000;2;9454784460;S
20240123;104629;6842.500000000;5;9454784541;S
20240123;104634;6842.500000000;1;9454784955;S
20240123;104635;6843.000000000;1;9454785132;B
20240123;104635;6844.000000000;40;9454785133;B
20240123;104635;6844.000000000;1;9454785134;B
20240123;104635;6844.000000000;2;9454785135;B
20240123;104635;6844.000000000;2;9454785136;B
20240123;104635;6844.000000000;1;9454785137;B
20240123;104635;6844.000000000;8;9454785138;B
20240123;104642;6843.500000000;1;9454785736;B
20240123;104643;6843.500000000;1;9454785805;B
20240123;104649;6843.000000000;1;9454786368;S
20240123;104654;6843.000000000;1;9454786820;S
20240123;104654;6843.000000000;1;9454786821;S
20240123;104654;6842.500000000;1;9454786822;S
20240123;104654;6842.000000000;1;9454786823;S
20240123;104656;6843.500000000;5;9454787169;B
20240123;104657;6842.500000000;3;9454787222;S
20240123;104701;6843.500000000;10;9454787883;B
20240123;104705;6843.500000000;1;9454788542;B
20240123;104711;6843.000000000;2;9454789243;B
20240123;104711;6843.500000000;3;9454789244;B
20240123;104711;6843.500000000;2;9454789300;B
20240123;104713;6843.500000000;21;9454789556;B
20240123;104715;6843.500000000;1;9454789861;B
20240123;104718;6843.500000000;3;9454790313;B
20240123;104734;6844.000000000;2;9454792506;B
20240123;104734;6844.000000000;1;9454792507;B
20240123;104737;6843.500000000;1;9454792892;S
20240123;104739;6844.000000000;2;9454793101;B
20240123;104740;6843.000000000;2;9454793270;S
20240123;104743;6843.000000000;3;9454793480;S
20240123;104743;6843.000000000;8;9454793481;S
20240123;104743;6842.500000000;3;9454793482;S
20240123;104743;6842.500000000;2;9454793483;S
20240123;104743;6842.000000000;1;9454793484;S
20240123;104747;6844.000000000;8;9454794062;B
20240123;104747;6844.500000000;9;9454794063;B
20240123;104747;6844.500000000;12;9454794134;B
20240123;104748;6843.500000000;31;9454794160;S
20240123;104749;6843.500000000;13;9454794222;S
20240123;104755;6843.500000000;8;9454795059;S
20240123;104804;6844.000000000;3;9454795941;B
20240123;104808;6843.500000000;4;9454796283;S
20240123;104811;6844.000000000;2;9454796572;B
20240123;104816;6844.000000000;3;9454797702;B
20240123;104816;6844.000000000;8;9454797703;B
20240123;104828;6844.000000000;1;9454799352;S
20240123;104830;6844.000000000;1;9454799667;S
20240123;104832;6844.500000000;5;9454799961;B
20240123;104838;6844.000000000;87;9454800629;S
20240123;104838;6844.000000000;10;9454800630;S
20240123;104838;6844.000000000;1;9454800631;S
20240123;104841;6843.500000000;3;9454800939;S
20240123;104841;6843.500000000;3;9454800946;S
20240123;104843;6843.500000000;38;9454801087;S
20240123;104843;6843.000000000;5;9454801093;S
20240123;104843;6843.000000000;1;9454801094;S
20240123;104843;6843.000000000;3;9454801095;S
20240123;104846;6843.000000000;1;9454801271;B
20240123;104846;6843.000000000;1;9454801299;B
20240123;104847;6843.500000000;1;9454801554;B
20240123;104849;6842.000000000;19;9454801899;S
20240123;104849;6842.000000000;5;9454801900;S
20240123;104849;6842.000000000;2;9454801901;S
20240123;104849;6842.000000000;13;9454801902;S
20240123;104849;6841.500000000;1;9454801903;S
20240123;104849;6841.500000000;36;9454801904;S
20240123;104849;6841.500000000;10;9454801905;S
20240123;104849;6841.500000000;8;9454801906;S
20240123;104849;6841.000000000;1;9454801907;S
20240123;104849;6841.000000000;5;9454801908;S
20240123;104849;6841.000000000;45;9454801909;S
20240123;104849;6841.000000000;1;9454801910;S
20240123;104849;6841.000000000;100;9454801911;S
20240123;104849;6841.000000000;1;9454801912;S
20240123;104849;6841.000000000;5;9454801913;S
20240123;104849;6841.000000000;10;9454801914;S
20240123;104849;6841.000000000;15;9454801915;S
20240123;104849;6841.000000000;2;9454801916;S
20240123;104849;6840.500000000;1;9454801917;S
20240123;104849;6840.500000000;20;9454801918;S
20240123;104849;6840.500000000;145;9454801919;S
20240123;104849;6840.500000000;1;9454801920;S
20240123;104849;6840.500000000;25;9454801921;S
20240123;104849;6840.500000000;1;9454801922;S
20240123;104849;6840.500000000;219;9454801923;S
20240123;104849;6840.000000000;10;9454801924;S
20240123;104849;6840.000000000;1;9454801925;S
20240123;104849;6840.000000000;3;9454801926;S
20240123;104849;6840.000000000;10;9454801927;S
20240123;104849;6840.000000000;100;9454801928;S
20240123;104849;6840.000000000;33;9454801929;S
20240123;104849;6840.000000000;1;9454801930;S
20240123;104849;6840.000000000;5;9454801931;S
20240123;104849;6840.000000000;5;9454801932;S
20240123;104849;6840.000000000;2;9454801933;S
20240123;104849;6840.000000000;3;9454801934;S
20240123;104849;6840.000000000;3;9454801935;S
20240123;104849;6840.000000000;2;9454801936;S
20240123;104849;6840.000000000;40;9454801937;S
20240123;104849;6840.000000000;50;9454801938;S
20240123;104849;6840.000000000;1;9454801939;S
20240123;104849;6840.000000000;1;9454801940;S
20240123;104849;6840.000000000;11;9454801941;S
20240123;104849;6840.000000000;1;9454801942;S
20240123;104849;6840.000000000;1;9454801943;S
20240123;104849;6840.000000000;7;9454801944;S
20240123;104849;6840.000000000;20;9454801945;S
20240123;104849;6840.000000000;1;9454801946;S
20240123;104849;6840.000000000;1;9454801947;S
20240123;104849;6840.000000000;40;9454801948;S
20240123;104849;6840.000000000;5;9454801949;S
20240123;104849;6840.000000000;1;9454801950;S
20240123;104849;6840.000000000;5;9454801951;S
20240123;104849;6840.000000000;58;9454801952;S
20240123;104849;6840.000000000;3;9454801953;S
20240123;104849;6840.000000000;2;9454801954;S
20240123;104849;6840.000000000;100;9454801955;S
20240123;104849;6839.500000000;1;9454801956;S
20240123;104849;6839.500000000;1;9454801957;S
20240123;104849;6840.000000000;105;9454801958;B
20240123;104850;6839.000000000;24;9454801960;S
20240123;104850;6839.000000000;1;9454801961;S
20240123;104850;6839.000000000;30;9454801962;S
20240123;104850;6838.500000000;15;9454801963;S
20240123;104850;6838.500000000;2;9454801964;S
20240123;104850;6838.500000000;1;9454801965;S
20240123;104850;6838.000000000;4;9454801967;S
20240123;104850;6838.000000000;1;9454801968;S
20240123;104850;6838.000000000;1;9454801969;S
20240123;104851;6838.000000000;3;9454802178;B
20240123;104856;6837.000000000;7;9454802935;S
20240123;104859;6837.000000000;43;9454803367;S
20240123;104859;6837.000000000;1;9454803368;S
20240123;104859;6837.000000000;10;9454803369;S
20240123;104859;6837.000000000;10;9454803370;S
20240123;104859;6836.500000000;1;9454803371;S
20240123;104859;6836.500000000;7;9454803372;S
20240123;104859;6836.500000000;9;9454803373;S
20240123;104859;6836.500000000;10;9454803374;S
20240123;104859;6836.000000000;1;9454803375;S
20240123;104859;6836.000000000;1;9454803376;S
20240123;104859;6836.000000000;1;9454803377;S
20240123;104859;6835.500000000;25;9454803378;S
20240123;104859;6835.000000000;1;9454803379;S
20240123;104859;6835.000000000;1;9454803380;S
20240123;104859;6835.000000000;15;9454803381;S
20240123;104859;6835.000000000;6;9454803382;S
20240123;104859;6835.000000000;9;9454803383;S
20240123;104859;6835.000000000;1;9454803384;S
20240123;104859;6835.000000000;10;9454803385;S
20240123;104859;6835.000000000;10;9454803386;S
20240123;104859;6835.000000000;15;9454803387;S
20240123;104859;6834.500000000;1;9454803388;S
20240123;104859;6834.500000000;1;9454803389;S
20240123;104859;6834.500000000;20;9454803390;S
20240123;104859;6834.000000000;1;9454803391;S
20240123;104859;6834.000000000;1;9454803392;S
20240123;104859;6834.000000000;1;9454803393;S
20240123;104859;6834.000000000;80;9454803394;S
20240123;104900;6835.500000000;3;9454803461;S
20240123;104901;6836.000000000;1;9454803707;S
20240123;104901;6837.000000000;30;9454803719;B
20240123;104903;6836.000000000;9;9454803850;S
20240123;104903;6835.500000000;21;9454803851;S
20240123;104905;6837.000000000;2;9454804007;B
20240123;104905;6837.500000000;8;9454804104;B
20240123;104908;6836.500000000;1;9454804664;S
20240123;104915;6836.500000000;77;9454805779;B
20240123;104915;6837.000000000;1;9454805780;B
20240123;104918;6837.500000000;8;9454806012;S
20240123;104935;6838.500000000;10;9454808196;S
20240123;104935;6838.500000000;2;9454808197;S
20240123;104938;6838.000000000;1;9454808483;S
20240123;104941;6838.500000000;1;9454808893;B
20240123;104944;6838.000000000;1;9454809219;S
20240123;104947;6838.500000000;17;9454809474;B
20240123;104948;6838.000000000;2;9454809613;S
20240123;104950;6839.000000000;5;9454809866;B
20240123;104956;6839.000000000;1;9454810704;B
20240123;105004;6839.500000000;1;9454811798;B
20240123;105005;6839.500000000;3;9454811828;B
20240123;105008;6839.000000000;1;9454812179;S
20240123;105010;6839.000000000;2;9454812433;S
20240123;105010;6838.500000000;1;9454812434;S
20240123;105010;6838.000000000;2;9454812435;S
20240123;105010;6838.000000000;10;9454812436;S
20240123;105018;6838.500000000;1;9454813371;S
20240123;105020;6839.000000000;1;9454813655;B
20240123;105021;6838.000000000;44;9454813832;S
20240123;105021;6838.000000000;8;9454813833;S
20240123;105021;6837.500000000;128;9454813834;S
20240123;105021;6837.500000000;10;9454813835;S
20240123;105021;6837.000000000;3;9454813836;S
20240123;105021;6836.500000000;1;9454813837;S
20240123;105021;6836.000000000;2;9454813838;S
20240123;105021;6835.500000000;1;9454813839;S
20240123;105021;6835.500000000;15;9454813840;S
20240123;105021;6834.500000000;18;9454813841;S
20240123;105021;6834.500000000;2;9454813842;S
20240123;105021;6834.500000000;18;9454813843;S
20240123;105022;6837.000000000;1;9454813908;B
20240123;105025;6837.500000000;1;9454814335;B
20240123;105026;6837.500000000;3;9454814400;B
20240123;105026;6837.500000000;5;9454814415;B
20240123;105028;6836.000000000;15;9454814613;S
20240123;105029;6837.500000000;10;9454814824;B
20240123;105032;6838.000000000;8;9454815087;B
20240123;105032;6838.000000000;1;9454815088;B
20240123;105048;6838.000000000;5;9454816840;S
20240123;105052;6837.000000000;1;9454817299;S
20240123;105053;6837.500000000;1;9454817480;B
20240123;105054;6836.000000000;10;9454817522;S
20240123;105054;6835.500000000;50;9454817523;S
20240123;105054;6835.000000000;36;9454817524;S
20240123;105054;6834.500000000;1;9454817651;B
20240123;105103;6833.500000000;52;9454818779;S
20240123;105106;6833.500000000;13;9454819216;S
20240123;105108;6833.500000000;10;9454819532;S
20240123;105109;6834.000000000;4;9454819742;B
20240123;105111;6834.000000000;2;9454819980;B
20240123;105112;6833.500000000;1;9454820080;S
20240123;105112;6833.500000000;8;9454820081;S
20240123;105112;6833.000000000;1;9454820082;S
20240123;105112;6833.000000000;1;9454820083;S
20240123;105112;6833.000000000;5;9454820084;S
20240123;105112;6833.000000000;2;9454820085;S
20240123;105112;6833.000000000;1;9454820086;S
20240123;105112;6833.000000000;1;9454820087;S
20240123;105112;6833.000000000;1;9454820088;S
20240123;105118;6833.500000000;3;9454820706;S
20240123;105119;6834.000000000;9;9454820802;S
20240123;105119;6834.000000000;31;9454820803;S
20240123;105119;6834.000000000;1;9454820804;S
20240123;105119;6833.500000000;47;9454820805;S
20240123;105119;6833.500000000;4;9454820806;S
20240123;105119;6833.000000000;19;9454820807;S
20240123;105119;6833.000000000;100;9454820808;S
20240123;105119;6833.000000000;36;9454820809;S
20240123;105119;6832.500000000;3;9454820810;S
20240123;105119;6832.500000000;1;9454820811;S
20240123;105119;6832.500000000;700;9454820812;S
20240123;105119;6832.500000000;1;9454820813;S
20240123;105119;6832.500000000;10;9454820814;S
20240123;105119;6832.000000000;4;9454820815;S
20240123;105119;6832.000000000;4;9454820816;S
20240123;105119;6832.000000000;2;9454820817;S
20240123;105119;6832.000000000;15;9454820818;S
20240123;105119;6831.000000000;20;9454820819;S
20240123;105119;6831.000000000;1;9454820820;S
20240123;105119;6831.000000000;20;9454820821;S
20240123;105119;6831.000000000;8;9454820822;S
20240123;105119;6831.000000000;1;9454820823;S
20240123;105119;6831.000000000;1;9454820824;S
20240123;105119;6831.000000000;150;9454820825;S
20240123;105119;6831.000000000;1;9454820826;S
20240123;105119;6831.000000000;1;9454820827;S
20240123;105119;6831.000000000;5;9454820828;S
20240123;105119;6830.500000000;10;9454820829;S
20240123;105119;6830.500000000;1;9454820830;S
20240123;105119;6830.500000000;5;9454820831;S
20240123;105119;6830.500000000;1;9454820832;S
20240123;105119;6830.500000000;1;9454820833;S
20240123;105119;6830.500000000;8;9454820834;S
20240123;105119;6830.500000000;1;9454820835;S
20240123;105119;6830.500000000;20;9454820836;S
20240123;105119;6830.500000000;11;9454820837;S
20240123;105119;6830.500000000;5;9454820838;S
20240123;105119;6830.500000000;1;9454820839;S
20240123;105119;6830.000000000;1;9454820840;S
20240123;105119;6830.000000000;3;9454820841;S
20240123;105119;6830.000000000;2;9454820842;S
20240123;105119;6830.000000000;1;9454820843;S
20240123;105119;6830.000000000;1;9454820844;S
20240123;105119;6830.000000000;82;9454820845;S
20240123;105119;6830.000000000;5;9454820846;S
20240123;105119;6830.000000000;1;9454820847;S
20240123;105119;6830.000000000;7;9454820848;S
20240123;105119;6830.000000000;2;9454820849;S
20240123;105119;6830.000000000;3;9454820850;S
20240123;105119;6830.000000000;2;9454820851;S
20240123;105119;6830.000000000;1;9454820852;S
20240123;105119;6830.000000000;1;9454820853;S
20240123;105119;6830.000000000;5;9454820854;S
20240123;105119;6830.000000000;1;9454820855;S
20240123;105119;6830.000000000;1;9454820856;S
20240123;105119;6830.000000000;4;9454820857;S
20240123;105119;6830.000000000;5;9454820858;S
20240123;105119;6830.000000000;1;9454820859;S
20240123;105119;6830.000000000;4;9454820860;S
20240123;105119;6830.000000000;1;9454820861;S
20240123;105119;6830.000000000;2;9454820862;S
20240123;105119;6830.000000000;50;9454820863;S
20240123;105119;6830.000000000;1;9454820864;S
20240123;105119;6830.000000000;1;9454820865;S
20240123;105119;6830.000000000;100;9454820866;S
20240123;105119;6830.000000000;1;9454820867;S
20240123;105119;6830.000000000;1;9454820868;S
20240123;105119;6830.000000000;600;9454820869;S
20240123;105119;6830.000000000;10;9454820870;S
20240123;105119;6830.000000000;10;9454820871;S
20240123;105119;6830.000000000;1;9454820872;S
20240123;105119;6830.000000000;14;9454820873;S
20240123;105119;6830.000000000;1;9454820874;S
20240123;105119;6830.000000000;1;9454820875;S
20240123;105119;6830.000000000;1;9454820876;S
20240123;105119;6830.000000000;1;9454820877;S
20240123;105119;6830.000000000;1;9454820878;S
20240123;105119;6830.000000000;18;9454820879;S
20240123;105119;6830.000000000;25;9454820880;S
20240123;105119;6830.000000000;1;9454820881;S
20240123;105119;6830.000000000;5;9454820882;S
20240123;105119;6830.000000000;2;9454820883;S
20240123;105119;6830.000000000;50;9454820884;S
20240123;105119;6830.000000000;1;9454820885;S
20240123;105119;6830.000000000;1;9454820886;S
20240123;105119;6830.000000000;3;9454820887;S
20240123;105119;6830.000000000;100;9454820888;S
20240123;105119;6830.000000000;11;9454820889;S
20240123;105119;6830.000000000;1;9454820890;S
20240123;105119;6830.000000000;2;9454820891;S
20240123;105119;6830.000000000;80;9454820892;S
20240123;105119;6830.000000000;376;9454820893;B
20240123;105119;6830.000000000;135;9454820894;B
20240123;105119;6830.500000000;15;9454820895;B
20240123;105119;6831.000000000;10;9454820896;B
20240123;105119;6831.500000000;2;9454820898;S
20240123;105119;6832.500000000;30;9454820976;B
20240123;105122;6832.500000000;40;9454821459;S
20240123;105124;6832.500000000;1;9454821656;S
20240123;105125;6833.000000000;1;9454821705;B
20240123;105127;6833.500000000;1;9454821971;B
20240123;105128;6832.500000000;79;9454822089;S
20240123;105129;6832.500000000;2;9454822151;B
20240123;105137;6832.000000000;10;9454823296;S
20240123;105137;6832.000000000;70;9454823297;S
20240123;105137;6832.000000000;9;9454823298;S
20240123;105137;6832.000000000;1;9454823299;S
20240123;105137;6831.000000000;10;9454823300;S
20240123;105137;6831.000000000;5;9454823301;S
20240123;105137;6830.500000000;1;9454823302;S
20240123;105137;6830.000000000;30;9454823303;S
20240123;105137;6830.000000000;20;9454823304;S
20240123;105137;6830.000000000;40;9454823305;S
20240123;105137;6830.000000000;1;9454823306;S
20240123;105138;6830.000000000;1;9454823394;B
20240123;105141;6830.000000000;2;9454823761;B
20240123;105148;6829.500000000;77;9454824580;S
20240123;105148;6829.500000000;6;9454824581;S
20240123;105148;6829.500000000;1;9454824582;S
20240123;105149;6829.500000000;2;9454824785;B
20240123;105149;6829.000000000;1;9454824814;S
20240123;105149;6829.000000000;1;9454824815;S
20240123;105149;6829.000000000;5;9454824816;S
20240123;105149;6829.000000000;1;9454824817;S
20240123;105149;6829.000000000;1;9454824818;S
20240123;105149;6829.000000000;85;9454824819;S
20240123;105149;6829.000000000;9;9454824820;S
20240123;105149;6828.500000000;1;9454824821;S
20240123;105149;6828.500000000;1;9454824822;S
20240123;105149;6828.500000000;1;9454824823;S
20240123;105149;6828.500000000;5;9454824824;S
20240123;105149;6828.000000000;1;9454824825;S
20240123;105149;6828.000000000;1;9454824826;S
20240123;105149;6828.000000000;5;9454824827;S
20240123;105149;6828.000000000;1;9454824828;S
20240123;105149;6828.000000000;2;9454824829;S
20240123;105149;6828.000000000;3;9454824830;S
20240123;105149;6828.000000000;1;9454824831;S
20240123;105149;6828.000000000;1;9454824832;S
20240123;105149;6828.000000000;1;9454824833;S
20240123;105149;6828.000000000;2;9454824834;S
20240123;105149;6828.000000000;8;9454824835;S
20240123;105149;6827.500000000;1;9454824836;S
20240123;105149;6827.500000000;2;9454824837;S
20240123;105149;6827.500000000;10;9454824838;S
20240123;105149;6827.000000000;1;9454824839;S
20240123;105149;6827.000000000;30;9454824840;S
20240123;105149;6827.000000000;5;9454824841;S
20240123;105149;6827.000000000;1;9454824842;S
20240123;105149;6826.500000000;1;9454824843;S
20240123;105149;6826.500000000;36;9454824844;S
20240123;105149;6826.000000000;2;9454824845;S
20240123;105149;6826.000000000;15;9454824846;S
20240123;105149;6826.000000000;30;9454824847;S
20240123;105149;6825.500000000;1;9454824848;S
20240123;105149;6825.500000000;6;9454824849;S
20240123;105149;6825.500000000;6;9454824850;S
20240123;105149;6825.500000000;6;9454824851;S
20240123;105149;6825.500000000;1;9454824852;S
20240123;105149;6825.500000000;1;9454824853;S
20240123;105149;6825.500000000;6;9454824854;S
20240123;105149;6825.500000000;1;9454824855;S
20240123;105149;6825.500000000;5;9454824856;S
20240123;105149;6825.500000000;30;9454824857;S
20240123;105149;6825.000000000;7;9454824858;S
20240123;105149;6825.000000000;5;9454824859;S
20240123;105149;6825.000000000;9;9454824860;S
20240123;105149;6825.000000000;1;9454824861;S
20240123;105149;6825.000000000;4;9454824862;S
20240123;105149;6825.000000000;3;9454824863;S
20240123;105149;6825.000000000;8;9454824864;S
20240123;105150;6827.000000000;2;9454824908;S
20240123;105150;6826.000000000;2;9454824909;S
20240123;105150;6826.000000000;8;9454824936;S
20240123;105150;6825.500000000;4;9454824937;S
20240123;105150;6827.000000000;20;9454824988;B
20240123;105150;6827.000000000;4;9454824989;B
20240123;105150;6827.500000000;1;9454824990;B
20240123;105150;6828.000000000;10;9454824991;B
20240123;105150;6828.000000000;10;9454824992;B
20240123;105150;6828.500000000;50;9454824993;B
20240123;105150;6829.000000000;33;9454824994;B
20240123;105150;6828.500000000;1;9454825021;B
20240123;105150;6827.500000000;1;9454825027;S
20240123;105150;6827.000000000;3;9454825028;S
20240123;105150;6826.500000000;9;9454825029;S
20240123;105150;6826.000000000;50;9454825030;S
20240123;105150;6826.000000000;10;9454825031;S
20240123;105150;6825.000000000;3;9454825032;S
20240123;105150;6825.000000000;3;9454825033;S
20240123;105150;6825.000000000;1;9454825034;S
20240123;105150;6825.000000000;5;9454825035;S
20240123;105150;6825.000000000;10;9454825036;S
20240123;105150;6825.000000000;50;9454825037;S
20240123;105150;6825.000000000;74;9454825038;S
20240123;105150;6824.500000000;1;9454825039;S
20240123;105150;6824.500000000;50;9454825040;S
20240123;105150;6824.000000000;1;9454825041;S
20240123;105150;6824.000000000;1;9454825042;S
20240123;105150;6824.000000000;2;9454825043;S
20240123;105150;6824.000000000;10;9454825044;S
20240123;105150;6824.000000000;50;9454825045;S
20240123;105150;6824.000000000;10;9454825046;S
20240123;105150;6824.000000000;5;9454825047;S
20240123;105150;6824.000000000;36;9454825048;S
20240123;105150;6824.000000000;15;9454825049;S
20240123;105151;6826.500000000;5;9454825125;S
20240123;105151;6826.500000000;8;9454825212;S
20240123;105151;6827.000000000;1;9454825227;S
20240123;105151;6826.500000000;9;9454825228;S
20240123;105151;6826.000000000;3;9454825229;S
20240123;105153;6828.000000000;10;9454825335;B
20240123;105153;6828.000000000;50;9454825336;B
20240123;105153;6828.500000000;36;9454825337;B
20240123;105153;6828.500000000;10;9454825338;B
20240123;105153;6829.000000000;16;9454825339;B
20240123;105153;6829.000000000;50;9454825340;B
20240123;105153;6829.000000000;15;9454825341;B
20240123;105153;6829.000000000;88;9454825342;B
20240123;105153;6829.500000000;65;9454825343;B
20240123;105153;6829.500000000;3;9454825344;B
20240123;105153;6829.500000000;73;9454825345;B
20240123;105153;6830.000000000;904;9454825346;B
20240123;105154;6829.000000000;3;9454825441;B
20240123;105156;6828.500000000;1;9454825672;S
20240123;105156;6827.500000000;10;9454825673;S
20240123;105156;6827.500000000;5;9454825674;S
20240123;105156;6827.500000000;84;9454825675;B
20240123;105158;6829.000000000;13;9454825810;B
20240123;105203;6827.500000000;2;9454826105;S
20240123;105205;6828.000000000;1;9454826283;S
20240123;105208;6828.000000000;25;9454826487;S
20240123;105208;6827.500000000;1;9454826521;B
20240123;105210;6827.000000000;1;9454826796;S
20240123;105210;6827.000000000;10;9454826797;S
20240123;105210;6826.000000000;9;9454826798;S
20240123;105210;6826.000000000;5;9454826799;S
20240123;105210;6826.000000000;75;9454826800;S
20240123;105210;6827.500000000;5;9454826802;B
20240123;105213;6826.000000000;1;9454827324;S
20240123;105218;6827.000000000;38;9454828002;S
20240123;105218;6827.000000000;1;9454828003;S
20240123;105218;6826.500000000;10;9454828075;S
20240123;105218;6825.500000000;17;9454828076;S
20240123;105219;6826.500000000;10;9454828117;B
20240123;105219;6827.000000000;40;9454828118;B
20240123;105220;6827.000000000;1;9454828300;B
20240123;105222;6827.000000000;3;9454828474;B
20240123;105223;6827.000000000;20;9454828533;B
20240123;105225;6826.500000000;9;9454828827;S
20240123;105226;6826.500000000;8;9454828870;S
20240123;105228;6826.500000000;8;9454829138;S
20240123;105228;6826.000000000;1;9454829167;S
20240123;105231;6826.500000000;1;9454829591;B
20240123;105233;6826.500000000;32;9454829760;B
20240123;105233;6826.500000000;10;9454829761;B
20240123;105233;6828.500000000;50;9454829762;B
20240123;105236;6828.500000000;2;9454830144;S
20240123;105236;6828.000000000;9;9454830145;S
20240123;105237;6828.000000000;10;9454830319;S
20240123;105239;6829.000000000;1;9454830538;B
20240123;105245;6829.000000000;2;9454831472;B
20240123;105248;6828.000000000;9;9454831757;S
20240123;105249;6828.000000000;1;9454831947;S
20240123;105249;6828.000000000;1;9454831948;S
20240123;105249;6828.000000000;3;9454831949;S
20240123;105249;6829.000000000;8;9454831995;B
20240123;105249;6829.000000000;36;9454831996;B
20240123;105252;6829.000000000;10;9454832548;S
20240123;105255;6829.000000000;1;9454833172;S
20240123;105256;6829.000000000;1;9454833271;S
20240123;105258;6829.000000000;5;9454834047;S
20240123;105259;6829.000000000;39;9454834192;S
20240123;105259;6828.500000000;9;9454834193;S
20240123;105259;6828.000000000;20;9454834194;S
20240123;105259;6829.000000000;1;9454834272;B
20240123;105304;6828.500000000;1;9454834929;S
20240123;105308;6828.500000000;1;9454835529;S
20240123;105308;6828.500000000;4;9454835530;S
20240123;105310;6829.500000000;1;9454835756;B
20240123;105310;6829.500000000;1;9454835757;B
20240123;105310;6829.500000000;3;9454835758;B
20240123;105311;6829.000000000;1;9454836032;B
20240123;105311;6829.500000000;15;9454836033;B
20240123;105311;6829.500000000;13;9454836034;B
20240123;105311;6829.500000000;50;9454836035;B
20240123;105311;6830.000000000;21;9454836036;B
20240123;105318;6829.500000000;1;9454836882;S
20240123;105318;6829.500000000;7;9454836883;S
20240123;105320;6830.000000000;1;9454837194;B
20240123;105322;6829.500000000;1;9454837453;S
20240123;105324;6830.000000000;50;9454837681;B
20240123;105325;6830.000000000;2;9454837814;B
20240123;105328;6829.500000000;2;9454838283;S
20240123;105328;6829.500000000;1;9454838284;S
20240123;105330;6829.500000000;3;9454838611;S
20240123;105330;6829.500000000;1;9454838612;S
20240123;105330;6829.500000000;1;9454838613;S
20240123;105330;6829.000000000;3;9454838614;S
20240123;105337;6829.500000000;13;9454839509;S
20240123;105337;6829.000000000;7;9454839510;S
20240123;105337;6829.000000000;3;9454839511;S
20240123;105337;6829.000000000;5;9454839512;S
20240123;105337;6829.000000000;46;9454839513;S
20240123;105337;6828.500000000;10;9454839514;S
20240123;105337;6828.500000000;50;9454839515;S
20240123;105337;6828.500000000;5;9454839516;S
20240123;105337;6828.500000000;10;9454839517;S
20240123;105337;6828.000000000;6;9454839518;S
20240123;105337;6828.000000000;10;9454839519;S
20240123;105337;6828.000000000;1;9454839520;S
20240123;105337;6827.500000000;15;9454839521;S
20240123;105337;6827.500000000;44;9454839522;S
20240123;105337;6827.000000000;50;9454839523;S
20240123;105337;6827.000000000;1;9454839524;S
20240123;105337;6827.000000000;10;9454839525;S
20240123;105337;6827.000000000;88;9454839526;S
20240123;105337;6826.500000000;3;9454839527;S
20240123;105337;6826.500000000;1;9454839528;S
20240123;105337;6826.500000000;1;9454839529;S
20240123;105337;6826.500000000;2;9454839530;S
20240123;105337;6826.500000000;60;9454839531;S
20240123;105337;6826.500000000;130;9454839532;S
20240123;105337;6826.500000000;10;9454839533;S
20240123;105337;6826.500000000;8;9454839534;S
20240123;105337;6826.000000000;1;9454839535;S
20240123;105337;6826.000000000;2450;9454839536;S
20240123;105337;6826.000000000;1;9454839537;S
20240123;105337;6826.000000000;36;9454839538;S
20240123;105337;6825.000000000;1;9454839539;S
20240123;105337;6825.000000000;1;9454839540;S
20240123;105337;6825.000000000;6;9454839541;S
20240123;105337;6825.000000000;2;9454839542;S
20240123;105337;6825.000000000;15;9454839543;S
20240123;105337;6825.000000000;300;9454839544;S
20240123;105337;6825.000000000;5;9454839545;S
20240123;105337;6825.000000000;237;9454839546;B
20240123;105337;6825.000000000;10;9454839549;B
20240123;105337;6824.000000000;2;9454839555;S
20240123;105337;6824.000000000;1;9454839556;S
20240123;105337;6824.000000000;2;9454839557;S
20240123;105337;6824.000000000;5;9454839558;S
20240123;105337;6824.000000000;20;9454839559;S
20240123;105337;6824.000000000;10;9454839560;S
20240123;105338;6824.500000000;6;9454839642;B
20240123;105340;6823.500000000;1;9454839896;S
20240123;105340;6823.500000000;8;9454839897;S
20240123;105340;6823.500000000;26;9454839898;S
20240123;105341;6824.000000000;1;9454839983;B
20240123;105348;6823.500000000;10;9454840793;S
20240123;105348;6823.500000000;24;9454840814;S
20240123;105348;6823.500000000;1;9454840815;S
20240123;105349;6823.500000000;1;9454840893;B
20240123;105350;6823.000000000;3;9454840993;S
20240123;105350;6823.000000000;11;9454840994;S
20240123;105356;6823.000000000;29;9454841758;S
20240123;105356;6823.000000000;9;9454841759;S
20240123;105356;6823.000000000;2;9454841760;S
20240123;105356;6823.000000000;1;9454841761;S
20240123;105356;6823.000000000;3;9454841762;S
20240123;105357;6823.000000000;4;9454841865;B
20240123;105358;6822.500000000;1;9454842042;S
20240123;105358;6822.500000000;14;9454842043;S
20240123;105400;6822.500000000;1;9454842274;B
20240123;105400;6822.000000000;3;9454842295;S
20240123;105400;6822.000000000;1;9454842296;S
20240123;105400;6822.000000000;2;9454842297;S
20240123;105400;6822.000000000;12;9454842298;S
20240123;105400;6822.000000000;10;9454842299;S
20240123;105400;6822.000000000;1;9454842300;S
20240123;105400;6822.000000000;1;9454842301;S
20240123;105400;6822.000000000;1;9454842302;S
20240123;105400;6822.000000000;1;9454842303;S
20240123;105400;6822.000000000;1;9454842304;S
20240123;105400;6822.000000000;10;9454842305;S
20240123;105400;6822.000000000;30;9454842306;S
20240123;105400;6821.500000000;1;9454842307;S
20240123;105400;6821.500000000;5;9454842308;S
20240123;105400;6821.500000000;21;9454842309;S
20240123;105401;6822.000000000;1;9454842410;B
20240123;105401;6822.000000000;3;9454842421;B
20240123;105402;6822.000000000;10;9454842511;B
20240123;105403;6821.500000000;66;9454842554;S
20240123;105403;6821.500000000;1;9454842555;S
20240123;105403;6821.500000000;67;9454842556;S
20240123;105403;6821.500000000;1;9454842557;S
20240123;105403;6821.500000000;14;9454842558;S
20240123;105403;6821.500000000;10;9454842559;S
20240123;105403;6821.000000000;1;9454842560;S
20240123;105403;6821.000000000;7;9454842561;S
20240123;105403;6821.000000000;133;9454842562;S
20240123;105406;6821.500000000;10;9454843262;B
20240123;105407;6821.500000000;1;9454843264;B
20240123;105407;6821.500000000;43;9454843265;B
20240123;105407;6821.500000000;1;9454843331;S
20240123;105408;6821.500000000;55;9454843421;S
20240123;105409;6821.000000000;5;9454843566;S
20240123;105410;6821.500000000;60;9454843673;B
20240123;105414;6821.000000000;1;9454844435;S
20240123;105415;6821.000000000;1;9454844609;S
20240123;105417;6821.500000000;30;9454844809;B
20240123;105417;6822.000000000;73;9454844810;B
20240123;105417;6822.000000000;14;9454844811;B
20240123;105417;6822.000000000;10;9454844812;B
20240123;105417;6823.000000000;5;9454844817;B
20240123;105418;6822.000000000;5;9454844840;S
20240123;105418;6822.000000000;48;9454844882;S
20240123;105425;6823.500000000;20;9454845686;B
20240123;105428;6822.500000000;5;9454846051;S
20240123;105429;6823.500000000;14;9454846265;B
20240123;105429;6823.500000000;10;9454846266;B
20240123;105429;6824.000000000;50;9454846267;B
20240123;105429;6824.000000000;23;9454846268;B
20240123;105434;6823.000000000;28;9454846793;S
20240123;105438;6823.500000000;2;9454847211;B
20240123;105438;6822.500000000;3;9454847242;S
20240123;105443;6823.000000000;3;9454847627;S
20240123;105445;6824.000000000;1;9454847852;B
20240123;105446;6824.000000000;36;9454847931;B
20240123;105447;6824.000000000;1;9454848041;B
20240123;105448;6823.000000000;2;9454848128;S
20240123;105449;6823.000000000;2;9454848296;B
20240123;105450;6823.000000000;6;9454848327;B
20240123;105450;6823.500000000;3;9454848333;B
20240123;105451;6823.500000000;4;9454848447;S
20240123;105458;6823.500000000;1;9454849237;S
20240123;105505;6823.500000000;30;9454850205;S
20240123;105505;6823.500000000;1;9454850206;B
20240123;105507;6824.000000000;1;9454850528;B
20240123;105507;6824.000000000;4;9454850529;B
20240123;105508;6823.000000000;2;9454850673;S
20240123;105510;6823.000000000;3;9454850849;S
20240123;105514;6823.500000000;2;9454851309;B
20240123;105517;6823.000000000;6;9454851662;S
20240123;105517;6823.500000000;1;9454851738;B
20240123;105518;6823.000000000;8;9454851831;S
20240123;105521;6823.500000000;10;9454852111;B
20240123;105522;6823.000000000;27;9454852229;S
20240123;105522;6823.000000000;1;9454852230;S
20240123;105522;6823.000000000;4;9454852231;S
20240123;105522;6823.000000000;1;9454852232;S
20240123;105522;6823.000000000;10;9454852233;S
20240123;105522;6823.000000000;13;9454852234;S
20240123;105522;6823.000000000;1;9454852235;S
20240123;105522;6823.000000000;13;9454852236;S
20240123;105522;6822.500000000;2;9454852237;S
20240123;105522;6822.500000000;5;9454852238;S
20240123;105522;6822.500000000;10;9454852239;S
20240123;105522;6822.500000000;63;9454852240;S
20240123;105522;6823.500000000;1;9454852273;B
20240123;105526;6823.500000000;2;9454852516;B
20240123;105528;6823.000000000;1;9454852747;S
20240123;105528;6823.000000000;7;9454852748;S
